2906 4834
663 153 886 220 „43„

285 355 338 420 καὶ
359 359 603 440 γνωριζομένων
619 360 725 422 ἐθνῶν
740 360 794 424 καὶ
809 361 918 424 τόπῶν
933 361 1124 443 ἐφάψασθαι
1139 363 1194 439 τῆς
1210 357 1325 419 σι’κου-

283 467 382 548 μένης
399 465 548 530 eorrcludi
565 484 665 545 posse
683 466 816 532 videtur
838 466 901 532 hoo
925 468 1014 548 loco,
1038 467 1094 533 ubi
1119 467 1160 532 de
1185 464 1325 545 exposi-

285 571 376 636 tione
401 571 521 654 agitur,
544 583 805 657 προκοιοοκευῆς
829 575 1060 657 corrigendum
1085 593 1173 640 esse.

354 697 420 762 Sed
433 699 547 763 obstat
565 704 656 779 14‚31
677 705 712 764 et
730 706 847 782 alala
867 701 937 785 (ubi
949 709 1137 783 παρασκευῇ
1148 697 1326 783 legimus).

286 804 358 886 Qua
382 805 423 869 de
449 823 551 870 rausa
573 809 814 892 προκατασκεοή
840 808 989 874 omnibus
1023 808 1108 874 loeis
1144 805 1323 888 corrigere

287 911 444 977 audacius
470 931 546 976 esse
571 911 713 978 videtur.

241 1037 322 1118 Pag.
340 1041 457 1116 371‚18
477 1037 534 1119 ἀφ’
548 1037 777 1121 Ἑλλησπόντου
794 1041 854 1122 γὰρ
870 1041 1051 1122 φερόμενον
1066 1042 1109 1110 εἶς
1124 1039 1324 1121 Καλχηδόνα

285 1146 466 1226 χρήσασθαι
502 1154 549 1227 τῴ
586 1147 673 1227 παρὰ
712 1149 768 1230 τὴν
801 1147 968 1230 Εὐρώπην
1001 1149 1073 1229 πλῷ
1107 1149 1239 1210 κᾶπειτα

285 1255 487 1334 προστρέχειν
509 1253 591 1334 πρὸς
613 1254 668 1336 τὴν
692 1255 883 1338 Καλχηδόνα
913 1255 964 1318 διὰ
996 1257 1051 1319 τόν
1083 1258 1163 1336 ῥοῦν
1196 1257 1251 1319 καὶ
1284 1257 1324 1318 τὰ

286 1362 499 1442 προειρημένα
523 1361 671 1442 δυσχερὲς
694 1361 755 1426 AF
757 1363 797 1428 R.
848 1362 934 1444 Quid
961 1365 1016 1426 καὶ
1043 1363 1080 1426 τό
1104 1365 1326 1446 προειρημένα

287 1465 468 1548 significet,
501 1487 565 1532 non
595 1468 812 1552 intellegitur,
845 1490 917 1534 cum
949 1475 1051 1536 antea
1085 1471 1126 1534 de
1154 1470 1212 1534 illo
1242 1472 1327 1553 ῥοῦς
1397 1461 1399 1468 ’

287 1578 414 1640 tantum
439 1578 569 1655 agatur.

332 1699 422 1764 Cous.
448 1705 543 1782 371‚3
568 1701 603 1763 ἐκ
627 1699 835 1784 Καλχηδόνος
854 1703 914 1784 γὰρ
931 1705 963 1766 οῖ
977 1703 1167 1785 βουλόμενοι
1191 1703 1327 1785 διαίρειν

287 1809 330 1877 εἰς
353 1807 527 1880 Βυζάντιον
555 1809 593 1870 οὐ
621 1810 767 1872 δύνανται
800 1810 885 1873 πλεῖν
918 1811 986 1872 κατ’
1020 1812 1147 1873 εὐθεῖαν
1181 1811 1232 1872 διὰ
1266 1810 1327 1873 τὸν

288 1915 405 1997 μεταξὺ
429 1917 507 1995 ῥοῦν
531 1919 595 1979 oet.
641 1915 734 1997 Quod
752 1936 832 1982 vero
849 1936 951 1983 versu
977 1924 1018 1982 18
1042 1917 1185 1999 legimus
1210 1917 1261 1982 διὰ
1285 1918 1327 1981 τὸ

288 2024 440 2104 κολπώδη
464 2023 519 2085 τὸν
545 2023 734 2103 παράπλοον
766 2026 918 2107 Ιὑπάρχειν
949 2027 1002 2088 καὶ
1035 2027 1207 2107 προτείνειν
1239 2025 1327 2087 πολὺ

287 2131 344 2212 τὴν
371 2112 435 2192 τῶν
464 2131 654 2212 Κυζικηνῶν
685 2133 797 2212 χώραν
830 2133 872 2196 ad
904 2134 991 2198 huuc
1025 2134 1132 2197 locum
1164 2151 1230 2196 11011
1267 2135 1327 2196 est

289 2237 512 2317 referendum,
538 2255 599 2316 quo
623 2237 735 2317 agitur
750 2239 791 2302 de
809 2259 908 2303 eursu
924 2239 1090 2320 Byzantio
1108 2237 1327 2304 Chalcedona

289 2345 442 2410 tenendo.

356 2471 427 2553 Qua
461 2471 502 2535 de
536 2489 638 2535 rausa
673 2471 881 2537 scribendum
917 2493 992 2538 esse
1027 2491 1150 2538 censeo
1179 2473 1325 2536 κατὰτὰ

289 2581 511 2662 προειρημένα,
537 2579 622 2658 quod
645 2579 688 2642 ad
708 2598 783 2660 pag.
801 2585 875 2660 370,
898 2599 1030 2662 paragr.
1048 2585 1068 2644 8
1086 2585 1120 2644 et
1139 2585 1157 2644 9
1177 2586 1325 2661 spectat.

289 2687 380 2768 Quae
402 2687 507 2752 verba
532 2706 723 2766 quamquam
747 2687 861 2752 mirum
885 2687 1011 2753 habant
1033 2687 1141 2752 lorum
1165 2694 1245 2769 post
1270 2689 1325 2752 διὰ

289 2795 343 2857 τὸν
366 2796 454 2875 ῥοῦν,
483 2798 683 2859 tamennon
708 2800 762 2859 est
786 2794 1014 2860 offendendum
1035 2795 1069 2860 in
1086 2795 1241 2877 Polybio,
1268 2796 1324 2875 qui

290 2923 365 2985 pag.
393 2908 507 2984 133,25
534 2903 682 2968 Scribere
706 2903 816 2984 potuit
848 2911 954 2986 παρῆν
985 2905 1122 2986 βοηθῶν
1155 2904 1208 2966 καὶ
1241 2905 1325 2967 κατὰ

291 3013 434 3095 σπονδὴν
457 3014 596 3094 εὐτυχῶς
619 3013 662 3080 εἰς
686 3013 796 3075 δέοντα
819 3011 940 3093 καιρὸν.

357 3139 408 3202 Da
433 3138 513 3201 κατά
537 3137 636 3201 talem
664 3136 697 3200 in
720 3137 846 3200 modum
869 3135 1017 3201 adhibito
1036 3136 1122 3201 conf.
1138 3142 1236 3216 41120
1253 3138 1324 3201 κοτ’

290 3247 367 3309 αὐτὸ
390 3246 449 3327 μὲν
472 3251 562 3308 τοῦτο
587 3245 783 3326 ξενιζόμενοι.
829 3247 926 3323 41,23
950 3243 1030 3306 κατὰ
1054 3245 1090 3306 τὰ
1114 3244 1191 3326 παρ’
1216 3247 1326 3316 αὐτοῖς

290 3356 359 3436 ἕδη.
408 3359 525 3434 39333
549 3353 628 3416 κατὰ
652 3353 708 3434 τὴν
731 3353 765 3425 ἒξ
788 3353 888 3434 ἀρχῆς
912 3353 1102 3433 ἐπαγγελίαν.

245 3481 327 3562 Pag.
352 3485 470 3560 383,25
505 3482 535 3542 oi
567 3480 602 3543 δὲ
633 3479 891 3560 παρεισπεσόντες
923 3479 1139 3560 ἀπερινοήτῶς
1166 3479 1326 3560 λαμπρῶς

292 3590 464 3671 ἐχρήσαντο
496 3593 559 3657 τοῖς
590 3589 771 3668 πράγμασιν
802 3585 873 3650 AR.
931 3585 1133 3649 Vocabulum
1166 3585 1326 3667 λαμπρῶς

292 3700 483 3776 corruptum
507 3713 583 3759 esse
607 3693 671 3758 iam
695 3691 855 3757 Reiskius
880 3691 1060 3772 intellexit,
1090 3691 1146 3771 qui
1169 3693 1327 3774 λαμυρῶς

292 3803 446 3869 coniecit.
492 3800 586 3884 Quod
619 3821 691 3865 aum
719 3819 878 3879 nusquam
906 3819 925 3863 a
955 3799 1096 3880 Polybio
1130 3804 1326 3880 usurpatum

292 3912 351 3993 sit,
377 3930 418 3976 ex
443 3910 636 3975 coniectura
659 3909 692 3973 in
717 3912 908 3972 contextum
923 3906 1049 3971 inferre
1067 3906 1227 3972 audacius
1245 3925 1325 3972 esse

290 4021 431 4087 videtur.
477 4019 632 4099 λαμπρῶς
656 4021 780 4092 autem,
805 4013 888 4094 quod
915 4033 1017 4094 saepe
1042 4014 1130 4094 apud
1148 4013 1326 4094 Polybium

290 4131 446 4214 legimus,
479 4145 639 4205 nusquam
667 4121 765 4189 simili
793 4122 924 4187 ratione
956 4120 1138 4186 adhibitum
1162 4121 1325 4186 videmus

291 4243 402 4318 Atque
428 4237 645 4316 exspectatur
661 4231 852 4297 adverbium
871 4229 1004 4309 aliquod
1030 4228 1323 4307 ‚‚ineonsiderate“

291 4348 347 4413 vel
371 4344 477 4409 simile
503 4341 581 4422 quid
604 4338 810 4422 significans
842 4342 880 4401 ub
908 4357 949 4400 ex
973 4354 1076 4402 versu
1102 4341 1144 4400 28
1171 4335 1326 4401 concludi
