2906 4834
656 166 787 276 ..¹20
834 247 875 258 ..

274 405 410 474 vocavit
432 408 603 474 Benseler.
651 407 686 474 Si
709 408 744 474 in
766 408 931 476 Vaticano
956 411 1060 482 αὐτοῖς
1079 411 1183 482 αὐτοῖς
1198 409 1304 492 prima

274 535 370 582 manu
387 515 546 597 scriptum
563 521 630 597 est,
646 517 849 598 repetitione
872 517 1013 600 simplici
1032 518 1065 583 id
1084 518 1208 584 factum
1225 537 1302 584 esse

274 629 396 705 potest.
448 625 513 691 Sed
536 626 647 707 potuit
670 625 770 692 etiarn
793 626 906 693 varias
932 627 1115 709 scripturas
1140 629 1244 698 αὐτοῖς
1268 632 1304 694 et

274 734 379 802 αὐτοῖς
395 733 596 814 archetypus
608 733 793 815 continere,
811 733 897 814 quod
911 732 990 799 mihi
1005 734 1208 816 probabilius
1226 753 1303 800 esse

274 839 416 906 videtur.

230 949 311 1032 Peg.
338 953 431 1030 194,5
456 949 485 1011 εἰ
506 948 541 1011 δέ
563 973 607 1018 τις
630 951 731 1030 ἔροιτο
754 947 808 1012 τὸν
831 951 1027 1034 συγγραφέαε
1060 951 1089 1014 εἰ
1114 949 1142 1014 δ’
1172 951 1241 1020 εἴτις
1263 949 1304 1014 A.

276 1060 311 1122 δὲ
333 1057 466 1125 videtur
489 1056 626 1138 primum
647 1057 801 1122 omissum
819 1077 895 1122 esse
912 1057 946 1123 in
963 1059 1158 1140 archetypo,
1183 1057 1303 1122 deinde

275 1165 421 1231 additum
444 1168 544 1244 atque
568 1163 715 1230 fortasse
741 1163 789 1230 sic
815 1163 973 1246 scriptum
997 1169 1084 1230 erat:

274 1274 327 1336 ΕΙ
345 1273 405 1336 ΔΕ

273 1382 327 1446 ΕΙ
350 1381 424 1445 ΤΙΣ

298 1817 384 1884 Aliis
409 1823 518 1885 autem
535 1818 618 1886 locis
633 1818 804 1900 librariae,
829 1836 924 1898 quem
941 1836 1043 1899 saepe
1060 1818 1152 1884 locos
1171 1836 1304 1900 corrup-

231 1933 285 1994 tos
312 1933 405 1994 recte
435 1927 624 1993 correxisse
651 1927 805 2008 vidimuS,
838 1926 880 1991 ad
913 1926 1087 2008 archetypi
1111 1928 1216 1993 verba
1238 1945 1304 1991 non

229 2041 325 2102 reete
349 2035 472 2116 aliquid
496 2033 684 2117 adscripsit.

230 2144 311 2226 Peg.
336 2146 431 2224 2735
456 2144 475 2206 ὁ
499 2142 533 2206 δὲ
557 2143 644 2224 γάϊος
671 2141 783 2212 ἀτίλιος
809 2143 906 2226 λίβιας
933 2143 1009 2224 AR,
1042 2143 1154 2212 ἀτίλιος
1177 2139 1305 2206 delevit

275 2250 444 2316 Aretinus.

342 2360 451 2442 λίβιος,
475 2363 512 2423 ut
534 2378 610 2440 pag.
635 2362 740 2441 2635,
768 2357 832 2424 iam
860 2359 895 2424 in
919 2361 1102 2441 archetypo
1125 2377 1184 2441 pro
1208 2359 1306 2441 βίλιος

278 2466 436 2548 scriptum
460 2485 536 2532 esse
560 2465 701 2532 videtur.

342 2575 417 2640 Hoc
449 2575 522 2640 loco
556 2576 692 2641 verbum
724 2576 820 2658 λίβιος
852 2574 971 2654 aliquis
997 2573 1165 2657 corrigere
1190 2574 1307 2656 voluit,

277 2682 332 2762 qui
366 2683 501 2748 verbum
535 2682 646 2752 ἀτίλιος
683 2696 783 2763 super
814 2682 910 2765 λίβιος
937 2680 1023 2746 falso
1049 2680 1199 2764 scripsit,
1233 2701 1306 2746 cum

274 2809 351 2872 pag.
378 2795 448 2870 30,7
474 2793 568 2854 recte
592 2789 689 2859 Γάιος
707 2790 833 2859 Ἀτίλιος
855 2789 1035 2872 legeretur.

230 2898 312 2980 Peg.
330 2901 425 2979 3134
440 2897 475 2961 τὸ
493 2897 527 2960 δὲ
542 2899 686 2979 τέταρτον
701 2897 755 2960 καλ
768 2897 870 2978 τρίτον
885 2898 1068 2980 ἐπωνυμίαν
1083 2900 1124 2961 ἔτι
1140 2900 1306 2979 οὐπρασει-

276 3006 367 3088 λήφει
389 3006 452 3071 AR
477 3004 608 3088 SuidaS,
636 3007 675 3068 οὐ
701 3005 802 3070 eiecit
826 3004 1136 3088 Schweighaeuser,
1161 3007 1202 3068 ἔτι
1225 3030 1305 3087 συμ-

276 3114 476 3196 προσειλήφει
507 3113 650 3178 coniecit
678 3113 844 3195 Hultsch,
878 3111 933 3193 qui
965 3114 1050 3178 hanc
1082 3113 1306 3178 coniecturam

274 3221 310 3286 in
339 3225 529 3286 contextum
556 3241 621 3288 nou
648 3221 787 3301 recepit.
838 3222 950 3301 Atque
978 3220 1305 3304 συμπροσλαμβάνειν,

276 3347 467 3408 quamquam
484 3328 643 3410 Polybius
659 3330 764 3394 verba
788 3330 890 3394 talem
912 3327 947 3392 iu
969 3325 1097 3393 modum
1123 3324 1306 3408 composita

275 3454 340 3500 non
374 3435 516 3518 spernit,
549 3455 709 3516 nusquam
743 3436 821 3501 alibi
855 3434 998 3502 inveniri
1031 3435 1174 3501 videtur.
1206 3435 1305 3501 Certe

276 3547 385 3608 autem
421 3542 560 3624 simplex
593 3544 798 3627 προσειλήφει
836 3542 919 3608 nihil
951 3542 1129 3608 desiderat.
1186 3544 1304 3623 Itaque

276 3651 343 3716 elia
368 3651 555 3732 explicandi
579 3652 665 3717 ratio
689 3671 755 3716 non
777 3650 982 3717 incredibilis
1008 3657 1070 3716 est.
1118 3649 1306 3716 (ium‘enim

275 3758 338 3825 iam
363 3759 398 3824 iu
422 3759 606 3840 archetypo
630 3758 717 3824 falso
740 3761 841 3840 τρίτον
862 3757 1020 3839 scriptum
1037 3763 1131 3823 esset
1147 3761 1222 3838 (pro
1242 3776 1304 3837 quo

275 3866 434 3932 Reiskius
458 3869 560 3950 τρίτην
583 3872 677 3934 recte
706 3865 866 3948 00rrexit,
895 3865 980 3932 conf.
1004 3871 1100 3947 3223
1125 3867 1248 3935 ταύταις
1271 3865 1306 3929 δὲ

274 3976 405 4039 κατόπιν
438 3975 592 4059 ἐπέβαλαν
623 3974 677 4038 τὸν
709 3977 853 4056 τέταρτον
885 3975 1008 4047 στόλον,
1046 3973 1118 4043 τοὺς
1148 3975 1306 4055 τριαρίοας

274 4083 473 4166 κληθέντας),
507 4081 541 4159 in
573 4083 722 4163 margine
755 4081 931 4164 archetypi
958 4081 1105 4146 fortasse
1134 4077 1306 4161 adscripta

277 4195 351 4255 erat
373 4189 469 4255 veria
492 4190 593 4255 lectio
619 4215 671 4263 ov,
697 4189 829 4255 scilicet
851 4191 963 4270 τρίτου,
987 4188 1099 4254 idest
1124 4205 1307 4270 cognomen

275 4297 378 4362 tertii.
424 4296 527 4379 Quam
553 4297 751 4378 scripturam
776 4296 1024 4362 falsam-fuisse
1049 4314 1091 4360 ex
1113 4295 1187 4376 ipso
1213 4293 1306 4360 hiatu

277 4407 396 4472 elucet.
