2906 4834
540 241 762 304 -15.„.

114 438 198 521 Pag.
213 433 288 521 Ι63,”ί
306 439 472 502 ἀπέλειπον
488 437 532 520 Α,
549 438 700 501 ἀπέλιπον
715 437 791 519 DE,
807 437 973 501 ἀπέλειπον
989 441 1026 503 et
1040 437 1190 501 ἀπέλιπον

160 546 185 611 G
208 555 270 628 per
292 546 428 628 dittogr.
453 587 455 592 ,

112 653 197 736 Peg.
223 659 295 735 74,3
319 656 488 738 παρέλιπεν
590 654 764 737 έξήλεγξεντ
791 649 974 738 παρέλειπεν
998 654 1042 736 Α,
1066 655 1129 720 hoc
1154 658 1190 719 et

159 763 330 843 παρέλιπεν
353 782 415 844 per
438 762 574 844 dittogr.
598 761 631 827 C.
987 765 990 770 ’

110 870 196 951 Pag.
224 874 339 951 ntae
368 870 615 952 ὑπολειπόμενος
646 874 741 935 recte
770 869 845 951 AR,
876 870 1123 951 ὑπολειπόμενος
1155 872 1191 933 et

159 979 392 1060 ὑπολιπόμενος
414 977 439 1042 (λ
461 997 523 1058 per
546 977 682 1060 dittogr.
1299 1037 1301 1042 .

110 1085 197 1166 Pag.
221 1090 339 1166 46937
356 1087 468 1149 τούτου
486 1084 521 1150 et
535 1087 656 1150 τούτων
672 1087 700 1150 Α
718 1107 779 1168 per
796 1087 946 1169 dittogr,
962 1087 1082 1150 τούτων
1097 1085 1189 1150 BDE
1247 1066 1250 1072 ’

158 1211 273 1274 margo
298 1191 322 1256 Ο
345 1193 456 1275 vulgo,
479 1195 577 1257 αὑτοῦ
601 1193 625 1258 G
648 1193 682 1259 in
707 1199 877 1260 contextu.
1032 1207 1037 1215 '
1101 1188 1103 1192 ⁴

183 1373 304 1439 Varias
338 1377 447 1439 autem
479 1372 658 1455 lectiones,
695 1391 778 1452 quae
813 1373 848 1440 in
882 1372 996 1439 codice
1030 1361 1057 1437 O
1092 1392 1191 1454 super

110 1486 308 1547 contextum
332 1480 480 1562 scriptae
509 1481 564 1546 vel
594 1480 735 1564 margini
763 1481 954 1562 adscriptae
987 1484 1078 1561 sunt,
1109 1479 1192 1546 nihil

108 1589 181 1658 nisi
210 1589 420 1654 coniecturas
449 1589 581 1656 scribae
609 1589 699 1655 iliius
725 1589 850 1655 codicis
876 1589 1049 1655 continere
1073 1589 1192 1672 negari

108 1697 239 1777 nequit.

109 1805 208 1871 Conf.
238 1809 356 1887 1264,4
389 1804 600 1888 δ”Ισοιιράτης
632 1803 788 1886 Ursinus,
821 1805 855 1869 δὲ
883 1806 1039 1887 σαπρότης
1068 1801 1123 1885 0¹,
1158 1804 1192 1867 ὑὲ

206 1915 373 1995 σωκράτης
395 1910 425 1976 U
451 1915 486 1978 et
508 1916 656 1978 mutatus
673 1931 728 1993 pr.
751 1931 791 1978 nr.
815 1912 851 1977 Ο.
1195 1975 1198 1979 .

164 2025 303 2102 1285,17
329 2038 388 2101 pro
412 2027 458 2102 τῷ
474 2018 634 2102 Προυσίᾳι
657 2025 721 2082 τῶν
742 2022 907 2102 πρανσίιον
931 2017 972 2101 O,
997 2019 1058 2084 sed
1082 2037 1192 2084 torre·

206 2128 257 2192 xit
280 2127 386 2208 prima
409 2145 523 2192 manus
547 2125 582 2190 in
604 2146 706 2209 marg.

163 2240 304 2318 1261,e3
338 2240 373 2300 et
408 2226 547 2316 lhtm
580 2233 727 2300 traditae
758 2235 944 2315 scripturae
972 2233 1006 2299 in
1035 2232 1193 2315 margine,

207 2342 420 2409 coniecturae
443 2341 478 2406 in
503 2346 663 2408 contextu
686 2341 909 2424 reperiuntur.

184 2451 253 2516 Sed
276 2451 318 2516 ad
341 2449 469 2532 primos·
487 2449 629 2530 quinque
650 2450 754 2516 libros
775 2455 875 2530 atque
898 2447 1072 2530 archetypi
1090 2447 1193 2528 scrip-

111 2565 212 2624 turas
236 2563 399 2624 revertar.

550 2757 664 2764 μω...
674 2758 686 2762 .-
709 2757 760 2762 ι-..-

613 3008 702 3118 HI.
786 3129 790 3138 ,

185 3223 318 3308 Omnes,
344 3243 425 3306 quas
450 3225 558 3291 adhuc
582 3225 742 3307 tractavi,
767 3224 943 3307 archetypi
959 3224 1073 3294 varias
1091 3224 1194 3306 scrip-

113 3341 213 3402 turas
239 3333 364 3400 codicis
382 3333 539 3400 Vaticani
555 3333 584 3397 A
603 3333 716 3398 scriba
730 3333 883 3415 integras
908 3333 1068 3400 servavit.
1107 3332 1194 3398 Aliis

113 3449 232 3510 autem
266 3441 351 3507 locis
385 3443 516 3523 paulum
545 3441 738 3506 immutatae
774 3444 852 3505 srmt
884 3441 964 3506 illae
998 3441 1195 3521 scripturae,

114 3568 193 3616 cum
217 3549 252 3614 in
277 3549 403 3615 codicis
421 3548 579 3616 Vaticani
601 3552 792 3614 contextum
815 3553 976 3630 receptae
1002 3548 1079 3613 sint.
1093 3552 1195 3627 atque

115 3676 223 3738 saepe
247 3660 343 3723 recte
361 3677 397 3722 se
414 3658 539 3723 habere
556 3656 743 3722 videantur.
784 3657 894 3735 Atque
911 3655 1049 3737 primum
1066 3654 1195 3735 quinem

114 3765 158 3831 de
187 3763 237 3830 eis
261 3765 346 3830 locis
371 3784 483 3848 agam,
507 3764 564 3830 ubi
588 3768 746 3844 corrupta
769 3763 946 3846 archetypi
969 3766 1076 3831 verba
1099 3768 1195 3829 recte

115 3876 278 3939 correcta
302 3890 380 3938 esse
404 3871 570 3939 videntur.

115 3982 204 4062 Pag.
236 3986 331 4063 11,16
364 3981 400 4045 τὸ
433 3981 493 4063 γὰρ
525 3988 634 4064 μικρῷ
665 3979 820 4062 πρότερον
846 3978 919 4049 τοὺς
946 3980 1045 4050 ίόίους
1071 3980 1198 4050 πολίτας

164 4089 243 4171 μετὰ
274 4096 329 4172 τῆς
361 4090 506 4170 μεγίστας
536 4087 735 4170 ἀνῃρηκότας
765 4088 931 4168 τιμωρίας,
965 4087 1010 4150 ότι
1039 4087 1198 4170 Ῥηγίνους

84 4265 87 4270 ,
165 4195 443 4277 παρεσπόνδησαν,
476 4191 671 4277 παραχρῆμα
698 4193 912 4275 Μαμερτίνοις
939 4195 1071 4277 βσηὺεῖν
1099 4197 1198 4277 ζητεῖν

165 4310 230 4373 τοῖς
256 4303 293 4367 τὰ
321 4301 522 4385 παραπλήσια
551 4303 754 4386 πεποιηκόσιν
769 4295 784 4365 ’.
803 4352 833 4364 ..
858 4299 1115 4388 όὺσαπολόγητον
1137 4303 1199 4388 εἶχε

164 4412 223 4496 τὴν
255 4412 411 4494 ἁμαρτίαν
439 4411 510 4476 AR.
845 4400 849 4408 ’
