2906 4834
539 176 668 241 ..49
717 213 757 223 ...

135 374 282 454 potest:
307 371 584 455 ὑπολαμβάνοντες
606 370 667 453 γάρ
689 377 782 437 τοῦτο
804 373 892 444 τέλος
915 372 991 438 εἶναι
1013 379 1069 438 τού
1090 397 1187 440 κατα-

157 487 253 564 σχεῖνι
272 481 436 562 ἀλλοτρίαν
468 481 566 552 πόλιν,
589 480 625 544 τὸ
649 482 794 563 γενέσθαι
821 487 886 566 τῶν
907 484 1067 548 πυλώνων
1091 484 1187 556 ἐντὸς,

156 595 266 652 τοῦτον
288 588 343 652 τὸν
366 589 484 670 τρόπον
507 588 646 670 ἐχρῶντο
669 596 733 660 τοῖς
755 591 926 674 πράγμασι.

223 695 388 764 Fortasse
428 696 575 778 ἀβούλως
614 697 670 766 vel
708 698 833 779 ἀλόγως
871 698 1081 766 scribendum
1122 703 1184 781 est,
1230 749 1239 768 .

157 793 243 868 corii.
262 809 352 884 1231
374 806 555 885 νομίσαντες
571 804 667 868 αὐτὸν
690 805 850 887 ἀβούλως,
874 807 941 888 ἅμα
965 805 993 868 δ’
1018 807 1187 887 ἀνάνδρως

156 912 314 994 προέσθαι
346 911 402 994 τὴν
435 911 615 992 ἀκρόπολιν.
673 918 745 994 63,2
778 913 824 983 ὡς
851 914 919 996 εἰκῇ
943 914 996 976 καὶ
1019 913 1189 994 ἀλογίστως

156 1025 220 1088 τοῖς
243 1018 406 1099 πράγμασι
429 1020 632 1101 κεχρημένος.

106 1127 194 1208 Pag.
219 1116 315 1213 etat
340 1127 428 1198 οἶδὲ
451 1127 530 1190 κατὰ
553 1127 608 1190 τὸν
631 1128 808 1209 Εὐρυτίδαν
835 1129 888 1192 καὶ
915 1131 1028 1199 πάντες
1056 1131 1087 1192 ολ
1109 1128 1190 1194 κατά

157 1236 213 1317 τὴν
237 1234 327 1298 πόλιν
350 1233 421 1298 AR.
468 1233 534 1301 Sed
550 1234 709 1316 Polybius
727 1253 859 1317 semper
875 1235 958 1302 dicit
973 1238 1004 1300 οί
1023 1238 1096 1318 περί
1113 1260 1188 1308 τινα,

160 1341 246 1414 conf.
270 1346 405 1422 407‚26‚
436 1347 571 1424 417‚20,
599 1347 733 1424 419,10‚
761 1347 872 1425 4222,
900 1348 1029 1426 44937.
1074 1343 1189 1423 Neque

158 1453 295 1514 tuentur
328 1449 486 1516 traditam
518 1448 696 1515 lectionem
728 1455 821 1532 114,ο
845 1458 909 1516 τῶν
928 1452 1086 1534 Ἀχαοιών
1109 1456 1191 1514 νεῶν

148 1558 192 1644 Ιαἶ
214 1557 295 1620 κατὰ
318 1559 448 1628 τούτους
471 1559 638 1640 ταχθεῖσαι.
697 1564 793 1640 teas.
815 1559 850 1622 τὸ
874 1560 909 1622 δὲ
931 1560 1030 1640 μέσον
1052 1558 1087 1620 τὸ
1111 1556 1190 1620 κατὰ

160 1665 233 1735 τοὺς
256 1664 386 1747 Λίβυας.

227 1772 302 1836 Ηοο
335 1772 409 1838 loeo
444 1791 483 1838 eo
515 1771 622 1855 magis
649 1775 720 1855 περὶ
750 1773 981 1855 corrigendum
1006 1777 1073 1853 est,
1107 1771 1191 1852 qood

162 1880 242 1944 κατὰ
276 1899 322 1952 er¹
352 1880 508 1960 sequenti
537 1879 713 1963 archetypi
741 1899 843 1947 versu
865 1880 1024 1946 facillime
1047 1880 1082 1952 in
1106 1881 1191 1951 hune

162 1988 473 2080 loourntransferri
496 1989 614 2070 potuit.
726 2037 728 2042 s

112 2097 197 2182 Pag.
221 2100 317 2176 420st
351 2097 445 2168 αὐτὸς
479 2096 506 2160 δ’
536 2099 577 2160 ἔτι
604 2098 759 2179 πρότερον
783 2097 952 2179 γεγραφὼς
974 2103 1038 2166 τοῖς
1061 2095 1190 2177 Μεσση-

163 2205 238 2272 νίοις
269 2203 324 2266 καὶ
355 2210 418 2274 τοῖς
446 2203 673 2287 Ἠπειρώταις,
708 2207 750 2268 ἔτι
782 2206 816 2269 δὲ
848 2211 911 2274 τοῖς
939 2205 1108 2285 Ἀκαρνᾶσι
1140 2202 1193 2265 καὶ

162 2311 374 2394 Σκερδιλαΐδηι
406 2311 549 2396 πληροῦν
572 2314 713 2382 ἑκάστοις
735 2313 772 2376 τὰ
795 2311 872 2394 παρ’
897 2313 1002 2382 αὐτοῖς
1023 2311 1117 2380 πλοῖα
1139 2309 1193 2372 καὶ

8 2419 9 2442 ;
137 2505 140 2512 Ι
164 2425 316 2483 συναντᾶν
339 2421 382 2490 εἰς
403 2419 625 2503 Κεφαλληνίαν
648 2421 719 2486 AR.

232 2527 468 2610 Corrigendurn
494 2534 548 2592 est
571 2531 730 2601 ἑκάστους,
756 2527 840 2594 sons.
865 2532 982 2608 874,15
1009 2525 1195 2609 παρήγγειλε

137 2723 138 2728 ¹
167 2639 508 2720 δειπνοποιησομένους
539 2636 616 2700 καθ’
647 2638 737 2718 ὥραν
770 2637 889 2718 ἐξάγειν
921 2635 958 2700 τὰ
992 2634 1194 2717 στρατόπεδα.

167 2751 284 2826 770,Ιὸ
308 2745 494 2832 παρήγγειλε
596 2746 808 2828 παρεμβαλεῖν
830 2745 883 2807 καί
906 2745 1076 2826 λαμβάνειν
1099 2741 1192 2804 ἑκάσ-

164 2877 237 2934 τους
262 2854 412 2936 (ειιάστου
437 2851 510 2936 FS)
535 2853 590 2922 τάς
613 2854 791 2935 εἰθισμένας
814 2855 921 2925 τάξεις.

119 2963 202 3046 Pag.
227 2965 343 3042 483,21
379 2961 428 3024 διὸ
451 2967 515 3024 τῶν
538 2961 598 3042 μὲν
621 2961 684 3024 ἀπὸ
707 2966 763 3023 τοῦ
786 2965 934 3023 ναυτικοῦ
957 2964 1021 3028 τοῖς
1043 2957 1193 3036 νεωρίοις,

145 3075 231 3158 ,τῶν
264 3069 298 3131 δὲ
321 3069 399 3156 περὶ
425 3068 480 3131 τὸν
497 3068 615 3150 Ἄρδυν
636 3074 700 3146 τοῖς
723 3067 917 3148 προαστείοις
940 3063 1197 3148 προσηρεικότων

167 3181 238 3244 AR.
285 3165 451 3243 Sed'alias
469 3196 563 3242 unum
581 3182 710 3241 tantum
725 3175 911 3256 προάστειον
928 3175 1199 3238 commemoratur

169 3285 331 3367 singulari
347 3303 481 3353 numero
499 3283 694 3364 adhibitum,
718 3288 756 3347 ut
777 3286 897 3363 482,12
914 3282 947 3344 ἒν
962 3286 1026 3350 τοῖς
1042 3279 1199 3346 ἐπιπέδοις

167 3396 204 3456 τά
232 3392 257 3455 τ’
283 3393 419 3476 ἐμπόρια
442 3393 498 3454 καί
519 3391 554 3454 τὸ
576 3392 766 3474 προάστειον.
791 3395 894 3452 κεῖται.
930 3392 1036 3468 -483,9
1061 3385 1140 3450 κατὰ
1164 3385 1199 3448 τὸ

169 3504 302 3582 νεώριον
317 3499 418 3563 καὶτὸ
430 3499 623 3580 προάστειον.
658 3501 777 3578 483,12
790 3502 845 3560 τοῦ
857 3495 1053 3577 προαστείου.
1080 3498 1198 3576 483,19,

168 3610 205 3674 τὰ
231 3609 265 3672 δὲ
288 3609 403 3688 νεώρια
427 3605 537 3669 καὶτὸ
561 3605 755 3687 προάστειον.
802 3608 922 3684 483,25
946 3603 981 3665 τὸ
1004 3603 1198 3683 προάστειον.

231 3716 351 3795 Itaque
362 3715 425 3780 hoe
438 3732 565 3794 quoque
576 3713 650 3778 loco
660 3721 706 3794 τῷ
713 3713 891 3793 προαστείῳ
899 3709 1129 3792 corrigendum
1138 3712 1200 3772 est.

125 3826 208 3906 Pag.
233 3828 328 3904 ttae
363 3822 439 3903 μετὰ
470 3820 503 3883 δὲ
526 3821 581 3903 τὴν
605 3821 843 3902 στρατοπεδείαν
867 3817 1148 3899 συναθροισθέντες
1171 3817 1202 3878 οἱ

171 3933 323 4016 χιλίαρχοι
357 3931 430 4000 τοὺς
462 3930 497 3992 ἐκ
529 3934 584 3991 τοῦ
618 3927 830 4010 στρατοπέδου
863 3928 981 3996 πάντας
1013 3925 1201 4005 ἐλευθέρους

172 4042 256 4122 ὁμοῦ
280 4040 334 4104 καὶ
358 4040 492 4116 δούλους
515 4039 676 4120 ὁρτάζουσι
699 4034 737 4100 F.

239 4147 403 4214 Fortasse
422 4145 630 4212 scribendum
648 4149 701 4210 est
717 4143 992 4224 συναθροίσαντες,
1010 4157 1202 4221 quamquam

175 4257 276 4332 etiam
299 4256 426 4322 tradita
451 4254 618 4336 scriptura
642 4252 777 4324 defendi
800 4255 923 4333 potest.
970 4248 1061 4315 Coos.
1084 4254 1199 4330 239,st

134 4407 135 4412 κ
175 4365 438 4446 συναθροίσαντες
461 4360 567 4442 AFB,
590 4360 872 4442 συναθροισθέντες
895 4359 933 4422 R.
980 4355 1070 4421 Conf.
1096 4361 1202 4438 579,4.
