2906 4834
687 187 906 248 --23-

262 379 342 462 Pag.
368 383 461 461 914,1
489 389 705 464 κοινοποιῆσαι
738 383 793 464 τὴν
826 383 998 464 θεραπείαν
1029 383 1083 446 καὶ
1114 384 1154 445 τὰ
1184 382 1255 464 περὶ
1282 383 1339 464 τὴν

307 487 406 570 αὐλὴν
429 489 596 570 φυλακεῖα,
629 491 857 572 παραπλησίως
889 490 923 552 δὲ
955 491 1009 553 καὶ
1041 489 1120 554 κατὰ
1152 491 1209 572 τὴν
1242 490 1339 572 ἄλλην

306 597 395 659 πόλιν
418 597 593 676 Miillerus3
616 598 817 679 παραπλήσια
842 599 889 667 ὡς
912 598 947 661 δὲ
970 595 998 680 Q
1023 597 1198 680 archetypi
1222 596 1338 664 varias

267 731 272 738 ·
307 703 492 785 scripturas
516 703 657 785 indicat,
683 723 754 769 cum
779 708 936 786 corrupta
953 705 1119 787 scriptrua
1134 705 1338 788 tropaeique

305 818 399 877 recte
424 830 485 892 per
508 835 554 881 ως
579 811 815 894 corrigeretur.

260 921 342 1002 Pag.
367 924 460 1001 918,l
496 921 598 990 οὕτως
630 921 710 983 ὥστε
742 918 819 1004 μηθ’
848 921 943 984 αὑτὸν
971 923 1083 1008 εἰδέναι
1106 923 1279 1004 petiveratis
1301 922 1337 986 τὸ

304 1029 456 1109 παράπαν
488 1029 523 1090 ἐκ
556 1035 610 1109 τῆς
642 1027 807 1110 ἐκκλησίας
839 1029 981 1111 ἀπελύθη
1006 1027 1073 1107 ΓΕ,
1106 1031 1184 1112 μήτε
1209 1029 1338 1095 delevit

261 1205 264 1212 ,
307 1134 615 1226 Schweighaeuser,
638 1137 715 1218 μήτε
737 1132 810 1206 τοὺς
833 1123 958 1217 ἑτέρους
981 1136 1037 1202 vel
1060 1136 1133 1206 τοὺς
1147 1137 1218 1219 περὶ
1238 1136 1335 1200 αὑτὸν

306 1243 465 1312 coniecit„
480 1242 648 1309 Reiskius.
699 1244 812 1324 Atque
844 1243 1041 1310 Hultschius
1074 1244 1334 1327 Schweighaeu-

306 1369 415 1416 serum
450 1370 594 1430 sequeus
628 1351 814 1417 adnotavit:
848 1357 992 1418 atvero
1022 1353 1229 1435 aptissimum
1257 1354 1334 1436 μηδ’

304 1457 400 1521 αὐτὸν
423 1477 465 1522 ne
489 1458 595 1539 ipsum
621 1457 758 1541 quidem,
783 1479 823 1524 ac
847 1459 948 1525 facile
970 1461 1049 1543 μήτε
1069 1480 1087 1527 e
1105 1460 1336 1543 dittographia

306 1565 385 1630 oriri
409 1565 527 1646 potuit.

260 1673 341 1754 Pag.
360 1675 477 1736 ahala
495 1674 556 1755 ἤδη
574 1674 608 1736 ὑὲ
623 1681 676 1756 τῆς
692 1676 813 1756 ἡμέρας
827 1677 1076 1758 ὑποφαινούσης;
1102 1679 1179 1740 ante
1197 1676 1334 1758 ὑποφαι-

304 1782 421 1863 νούσης
444 1779 477 1844 iu
501 1777 555 1844 FS
578 1781 736 1848 traditum
766 1787 819 1848 est
848 1781 891 1856 εὗ,
926 1784 1011 1863 quod
1040 1802 1082 1848 ex
1106 1782 1336 1864 dittographia

260 1936 263 1941 -
305 1891 354 1952 ἐπι
384 1895 419 1954 et
446 1892 510 1953 ὑπο
538 1897 644 1954 ortum
674 1909 749 1956 esse
774 1889 944 1956 intellexit
967 1891 1174 1957 Hultschius.
1221 1892 1334 1973 Atque

304 1998 336 2063 iu
362 1998 546 2080 archetypo
570 1997 657 2064 falsa
681 1999 849 2080 scriptura
872 2001 1097 2082 ἐπιφαινούσης
1115 2005 1149 2066 et
1166 2000 1332 2067 correctio

303 2108 542 2189 ὑποφαινούσης
572 2105 677 2172 fuisse
711 2107 852 2173 videtur.
907 2107 998 2173 (lauf.
1028 2112 1101 2190 o4‚o
1129 2116 1184 2192 τῆς
1211 2110 1334 2191 ἡμέρας

261 2241 264 2246 ·
303 2214 554 2296 ὑποφαινούσης,
593 2213 674 2279 item
708 2220 779 2296 728
821 2221 957 2297 1135,11
997 2223 1052 2299 τῆς
1086 2218 1211 2300 ἐαρινῆς
1236 2217 1333 2298 ’ὥρας

260 2313 265 2326 ”
300 2322 540 2405 ὑποφαινούσης
567 2321 606 2384 Ν
635 2323 650 2405 (
652 2323 890 2406 ὑποφαινούσης
918 2323 1088 2406 Ursinus)
1136 2328 1254 2407 obem
1280 2331 1333 2407 τῆς

302 2430 425 2511 ἡμέρας
448 2429 699 2512 ἐπιφαινομένης.

257 2537 338 2619 Pag.
362 2541 479 2618 939,19
507 2536 589 2618 πρὸς
615 2539 673 2602 θύα
695 2539 819 2621 πλέθρα
842 2545 897 2603 τοῦ
920 2541 1039 2622 τείχους
1063 2541 1167 2610 αὐτοῖς
1190 2541 1327 2622 ἐξήρεισ-

301 2668 349 2708 ται
373 2644 581 2726 HultsohiUS‚
606 2647 814 2728 ἐξεπήρεισιαι
837 2645 900 2725 ΕΒ,
924 2648 1137 2729 ἐξυπηρειοται
1162 2647 1331 2729 Schweig-

264 2751 265 2758 ’
303 2753 463 2833 haeuser;
490 2753 549 2817 secl
573 2753 699 2818 rectius
720 2753 807 2820 idem
822 2755 857 2820 in
872 2753 1030 2820 librorum
1047 2754 1215 2836 scriptura
1231 2753 1331 2821 ditto-

302 2859 474 2941 graphiam
509 2861 648 2944 agnovit
680 2861 819 2942 ipseque
849 2863 1028 2945 ὑπήρεισιαι
1052 2862 1244 2944 suspicatus
1270 2867 1330 2928 est.

301 2968 412 3046 Atque
437 2969 476 3030 ἐπ
500 2975 657 3050 corrupta
686 2970 860 3052 archetypi
889 2968 1057 3051 scriptura
1086 2989 1163 3036 esse
1187 2969 1330 3036 videtur.

302 3073 393 3140 αισι.
420 3081 545 3157 aequo.

256 3182 337 3262 Pag.
372 3187 488 3264 953,17
523 3185 676 3266 οὐθαμῶς
709 3185 853 3268 ἐβούλετο
886 3188 1129 3268 παραχειμάζειν
1162 3187 1241 3249 κατὰ
1276 3186 1331 3269 τὴν

297 3289 402 3353 Ἀσίαν
430 3293 632 3374 φοβούμενος
658 3293 717 3375 μὲν
745 3291 802 3356 οὖν
827 3295 879 3357 καί
902 3295 974 3364 τοὺς
997 3295 1159 3364 Αἰτωλοὺς
1181 3296 1235 3358 καὶ
1257 3297 1331 3366 τοὺς

298 3397 478 3480 Ῥωμαίους
494 3399 530 3464 Ρ.
553 3401 612 3482 μὲν
636 3399 693 3464 οὑν
709 3401 905 3467 Hultsohius
929 3405 1023 3466 recte
1042 3401 1232 3483 suspicatur
1257 3409 1331 3468 orta

303 3525 379 3571 esse
405 3525 446 3571 ex
468 3509 585 3588 μένους
607 3507 703 3573 varia
728 3507 895 3588 scriptura
915 3509 957 3573 ad
972 3511 1182 3592 φοβούμενος.
1229 3511 1329 3577 Oerte

303 3616 389 3681 eninr
412 3615 445 3680 iu
470 3616 652 3698 archetypo
677 3621 816 3696 propter
841 3635 984 3696 sequeus
1004 3617 1077 3686 τοὺς
1092 3618 1255 3688 Αἰτωλοὺς
1269 3639 1330 3700 per

301 3743 446 3788 errorem
463 3725 687 3806 φοβουμένους
704 3723 862 3804 scriptum
880 3727 967 3804 erat,
992 3724 1111 3789 deiude
1128 3727 1330 3808 φοβούμενος

301 3836 494 3897 correctum.

255 3941 500 4021 Pag.1092‚ll
537 3941 567 4002 οἱ
599 3940 699 4021 ῥόόιοι
731 3939 860 4021 (Λύκιοι
888 3945 983 4005 recte
1009 3940 1327 4026 Schweighaeuser)

301 4048 471 4128 διελέγοντο
484 4049 554 4130 περὶ
567 4050 749 4130 ναυμαχίας.
779 4051 845 4131 ἤτοι
861 4049 1041 4131 συμμαχίας
1054 4048 1090 4113 Ο.
1119 4047 1211 4132 Quae
1228 4049 1328 4116 ditto-

301 4154 441 4236 graphia
453 4173 645 4234 quamquam
655 4173 688 4220 ru
701 4155 815 4221 codice
825 4155 1019 4221 Monaoeusi
1031 4161 1105 4221 orta
1116 4175 1193 4222 esse
1204 4162 1328 4240 potest,

301 4269 411 4328 tamen
440 4263 645 4344 probabilius
676 4263 716 4328 ad
746 4264 960 4344 archetypum
987 4263 1148 4346 refertur,
1182 4265 1239 4330 ubi
1269 4285 1329 4346 per

300 4371 425 4451 lapsum
445 4371 561 4435 calami
578 4370 714 4452 primum
730 4373 905 4454 ναυμαχίας
922 4371 1080 4452 scriptum
1097 4373 1328 4440 essevidetur.
