2906 4834
755 847 806 956 V.

309 1083 382 1146 Non
393 1083 496 1147 solum
506 1089 616 1148 autem
626 1084 740 1150 variae
751 1084 916 1148 lectiones
926 1083 960 1148 in
973 1085 1156 1166 archetypo
1168 1085 1318 1166 scriptae

242 1191 388 1270 fuerant,
422 1191 483 1256 sed
514 1192 614 1256 etiarn
644 1191 935 1272 interpolationes,
969 1211 1104 1272 quarum
1127 1193 1249 1257 inultas
1277 1213 1318 1257 ex

244 1298 359 1363 eodem
371 1298 464 1363 fonte
478 1305 570 1364 ortas
582 1319 672 1380 esse,
689 1319 731 1364 ex
743 1318 804 1380 quo
816 1299 930 1364 variae
943 1299 1130 1380 scripturae
1140 1299 1319 1382 fluxerunt,

242 1405 315 1471 rori
332 1405 437 1471 simile
456 1413 519 1472 est.
565 1409 676 1488 Atque
694 1426 859 1473 consensu
875 1408 1023 1474 codicum
1040 1408 1083 1472 ad
1099 1409 1318 1489 archetypum

242 1512 420 1579 referenda
445 1521 535 1580 sunt:

241 1621 323 1702 Pag.
348 1627 465 1698 alala
499 1625 563 1686 ἀπὸ
593 1631 657 1687 τῶν
688 1625 768 1687 κατὰ
800 1623 935 1704 Πύρρον
962 1629 1086 1706 καιρῶν
1108 1623 1318 1705 HultschiUS,

286 1729 351 1792 ἀπὸ
374 1737 439 1793 τῶν
460 1732 540 1794 κατὰ
564 1731 699 1813 Πύρρον
721 1733 775 1793 καὶ
801 1731 930 1813 Τίμαιον
951 1733 1163 1812 συγγραφέων
1177 1731 1232 1793 καὶ
1248 1755 1317 1794 και-

286 1844 355 1918 ρῶν
378 1841 557 1922 ἐξηγήσεως
580 1841 684 1904 ΑΜΒ.

241 1947 322 2030 Pag.
356 1955 475 2030 36738
510 1952 575 2032 ἥτις
609 1957 666 2012 νῦν
698 1951 884 2031 συνέστηκεν
916 1947 1022 2028 AFR,
1056 1947 1185 2012 delevit
1218 1951 1316 2012 reate

286 2056 493 2122 Hultschius.

309 2163 447 2229 Omnino
471 2184 552 2232 vero
578 2165 711 2247 siloni,
746 2163 863 2244 quibus
892 2165 925 2229 in
955 2162 1071 2228 codice
1094 2161 1261 2226 Vaticano
1287 2163 1316 2225 A

241 2271 520 2353 interpolationes
552 2271 779 2352 inveniuntur,
814 2271 857 2335 ad
892 2270 1110 2351 archetypum
1143 2268 1317 2334 referendi

243 2398 320 2444 esse
344 2379 510 2444 videntur.

242 2486 333 2552 Gonf.
360 2492 430 2568 71‚3
454 2489 654 2569 παράδειγμα
678 2489 749 2568 AR,
773 2487 914 2553 seclusit
937 2484 1087 2552 Bothius

287 2599 381 2676 91,31
407 2595 463 2678 τὴν
486 2602 582 2677 νῆσον
606 2595 746 2661 seclusit
769 2595 955 2660 Bekkerus.

288 2709 382 2785 146,a
404 2711 458 2786 τῆς
476 2703 605 2773 Ἰταλίας
626 2703 680 2767 καὶ
703 2701 760 2784 ΑΙ,
784 2703 911 2768 delevit
935 2703 1143 2767 HultschiuS.

287 2817 382 2892 220‚5
400 2811 522 2894 Ἴβηρες
546 2811 616 2892 ΑΒ,
641 2811 767 2876 delevit
789 2811 961 2876 Benseler.

286 2922 381 3000 249‚8
405 2921 459 2982 καὶ
481 2920 536 2988 τὰς
558 2919 778 2988 κακοπαθείας
802 2917 929 2984 delevit
952 2917 1159 2984 Hultschius

288 3031 404 3107 atala
429 3033 493 3090 τῶν
520 3027 681 3109 πολεμίων
704 3025 838 3107 AFDE,
863 3027 991 3093 delevit
1013 3026 1220 3091 HultsohiUS.

287 3141 404 3216 3793ss
428 3136 633 3217 πρεσβύτατοι
657 3136 727 3215 AR,
751 3134 878 3200 delerit
902 3135 1108 3199 Hultschins.

286 3249 405 3325 420‚12
429 3243 502 3312 τοὺς
524 3241 695 3323 Πρόννους
719 3243 790 3324 AR,
815 3242 942 3308 delevit
965 3243 1085 3306 Naber.

308 3533 348 3597 In
365 3532 415 3597 eis
426 3551 522 3614 vero,
539 3551 622 3612 quae
637 3535 832 3611 sequuntur,
847 3531 1021 3596 nonnullas
1034 3530 1314 3612 interpolationes

242 3641 390 3721 afferam,
424 3659 506 3720 quas
542 3657 559 3703 e
594 3643 753 3703 contextu
787 3637 956 3703 eiciendas
986 3657 1062 3703 esse
1085 3643 1176 3719 puto.
1222 3638 1314 3722 Quae

241 3767 432 3829 quamquam
466 3767 531 3813 non
564 3765 676 3812 ornnes
701 3746 743 3810 ad
767 3747 982 3826 archetypum
1006 3744 1204 3812 referendae
1230 3752 1315 3828 sunt,

241 3861 352 3921 tamen
375 3857 438 3920 hoc
461 3857 549 3936 leco,
581 3853 701 3919 ubido
726 3852 1061 3932 interpretationibus
1087 3873 1166 3934 ago,
1201 3873 1314 3920 ornnes

242 3964 525 4045 comprehendam.

240 4073 322 4153 Pag.
357 4075 454 4153 34⁰,6
487 4073 533 4142 οἷς
564 4073 737 4154 ἠπίστησαν
774 4071 854 4151 ἔχειν
885 4071 1089 4151 κεκρυμμένα
1115 4070 1313 4153 ὁιάφσρσνῆ

285 4181 528 4262 κατασκεύασμα
560 4183 579 4260 ἢ
603 4179 678 4242 ἄλλο
700 4203 727 4240 τι
749 4183 814 4240 τῶν
837 4177 979 4246 πλείονος
1002 4178 1101 4250 ἀξίων
1124 4175 1182 4259 A¹‚
1210 4180 1314 4245 verba

285 4288 404 4368 ἢᾶλλο
427 4287 574 4351 fortasse
597 4285 802 4367 interpolata
831 4288 920 4364 sunt,
955 4303 1025 4348 eum
1059 4303 1311 4366 supervacanea

288 4395 356 4461 sint
380 4399 479 4473 atque
504 4382 626 4458 hiatus
639 4392 722 4457 ferri
744 4396 898 4472 nequeat.
