2906 4834
679 263 719 271 ,.
770 199 897 289 1ο..

296 422 441 488 hceuser
464 441 523 504 pro
548 423 635 486 αὐτῶ
659 423 690 486 ολ
713 422 805 508 Affl)
832 424 937 505 (αὐτῷ
960 411 998 505 δὴ
1024 419 1075 504 G.)
1122 421 1214 505 Quae
1237 421 1325 489 codi-

296 550 367 596 cum
391 531 558 612 scriptura
582 531 756 612 archetypi
779 530 1039 613 dittographiam
1067 533 1154 594 οὕτω
1179 536 1215 596 et
1238 533 1327 595 αὐτοι

296 637 434 720 indicat,
468 657 603 718 quorum
636 640 811 705 verborum
844 641 932 702 οὕτω
965 644 1122 720 corrupta
1150 639 1327 721 archetypi

297 746 463 828 scriptura
497 751 563 829 est,
595 766 656 828 per
688 771 717 810 οι
750 752 912 811 correcta.
958 747 1053 827 Nam,
1086 750 1124 810 ut
1156 746 1326 829 Schweig-

295 856 438 920 haeuser
461 860 555 920 recte
579 855 676 936 vidit,
706 855 794 919 αὐτοὶ
816 855 883 936 ipsi
906 859 1115 937 opponuntur
1137 853 1325 935 Adimanto

296 982 390 1043 quem
416 968 452 1029 ut
474 964 642 1029 tnrbamm
667 968 836 1028 auctorem
859 961 1195 1028 Lacedaemoniorum
1218 962 1325 1045 legati

296 1073 508 1135 accusabant.

296 1287 449 1367 οὐδαμῶς
471 1287 691 1350 αὖδοκούντων
712 1293 777 1350 τῶν
796 1288 923 1350 πολλῶν
938 1288 1092 1350 Αἰτωλῶν
1107 1288 1138 1349 οἱ
1153 1287 1325 1368 ἐφορεύω-

294 1417 343 1463 tac
381 1393 465 1463 Ολνις
499 1395 552 1457 καὶ
586 1391 758 1464 Νίκιπποςτ
796 1395 950 1457 Αἰτωλῶν
988 1393 1116 1459 delevit
1155 1393 1325 1474 Schweig-

295 1503 451 1585 haeuser,
484 1502 676 1585 Μεσσηνίων
704 1501 847 1566 coniecit
870 1501 1063 1566 Palmem'ns.

362 1611 465 1675 Plane
501 1609 586 1674 enim
618 1609 706 1674 falsa
731 1614 785 1674 est
809 1609 976 1690 scripture
998 1609 1160 1682 Αἰτωλῶν,
1186 1627 1258 1674 cum
1284 1609 1325 1674 de

295 1718 535 1782 Messeniorum
558 1737 595 1782 re
619 1717 752 1797 publica
776 1721 903 1798 agatur.

363 1825 529 1907 Quomodo
546 1830 655 1890 autem
670 1826 823 1888 Αἰτωλῶν
839 1825 873 1889 in
889 1830 1079 1890 contextum
1091 1825 1196 1890 inseri
1207 1829 1326 1906 potue-

295 1934 348 2016 rit,
372 1953 436 2000 non
459 1933 667 2015 intellegitur
692 1931 741 2018 (oi
763 1931 998 2014 interpolatum
1022 1953 1099 1998 esse
1124 1932 1287 2018 videtur).

362 2043 477 2122 Neque
501 2061 582 2107 vero
607 2058 665 2122 pro
692 2042 844 2104 Αἰτωλῶν
860 2040 949 2106 aliud
963 2043 1099 2107 verbum
1115 2041 1326 2106 scribendum

296 2154 357 2231 est,
382 2169 452 2215 cum
477 2150 543 2214 alia
565 2153 702 2231 praesto
728 2148 774 2213 sit
797 2148 984 2230 explicandi
1007 2148 1103 2213 ratio.

294 2259 376 2340 Pag.
402 2262 519 2338 697,24
545 2257 630 2322 enim
652 2275 712 2337 pro
737 2257 889 2326 Αἰτωλοῖς
905 2255 1062 2321 traditum
1080 2260 1134 2321 est
1150 2258 1183 2320 ἐν
1198 2258 1326 2327 πολλοῖς

296 2370 331 2430 et
357 2371 494 2446 107032
518 2365 694 2430 Behkerus
717 2365 852 2434 πολλοὺς
877 2363 1024 2428 correxit
1046 2383 1105 2445 pro
1130 2364 1301 2434 Αἰτωλοὺς.

361 2475 479 2553 Itaque
513 2473 575 2537 hoc
608 2474 680 2538 loco
715 2472 882 2551 antiquam
910 2470 1170 2553 dittographiam
1198 2473 1326 2536 πολλῶν

296 2585 331 2647 et
354 2581 497 2644 αἰτωλῶν
519 2580 551 2644 io
577 2583 766 2645 contextum
789 2580 959 2659 receptam
985 2597 1061 2644 esse
1087 2577 1245 2644 credibile
1271 2585 1325 2644 est

296 2694 396 2770 atque
421 2690 563 2753 αἰτωλῶν
588 2690 775 2768 corruptum
799 2706 860 2767 per
882 2687 1009 2750 πολλῶν
1027 2691 1121 2751 recte
1140 2693 1326 2754 correctum

296 2816 372 2863 esse
407 2795 550 2862 videtur.
603 2796 716 2859 Talem
753 2797 863 2858 autem
897 2791 1157 2858 emendationem
1190 2815 1231 2860 ex
1265 2815 1325 2860 suo

294 2904 428 2988 ingenio
453 2904 511 2969 vix
535 2903 705 2983 quisquam
728 2901 881 2983 protulit,
914 2901 973 2966 scd
1009 2919 1050 2966 ex
1086 2901 1151 2966 alio
1186 2903 1326 2981 quodam

297 3012 419 3079 codice.
436 3011 557 3076 hausit.

249 3122 331 3202 Pag.
358 3125 476 3201 36],20
500 3120 564 3182 ἀπὸ
589 3119 623 3182 δὲ
646 3126 699 3202 τῆς
723 3121 829 3202 ἑτέρας
853 3121 953 3189 οἰκίας
975 3121 1077 3183 ὄντων
1100 3121 1136 3182 ἐκ
1152 3127 1206 3203 τῆς
1218 3117 1325 3183 Ἱππο-

293 3229 445 3310 μέδοντος
468 3227 627 3309 θυγατρὸς
650 3227 829 3308 Αρχιδάμῳ
853 3227 937 3290 δυεῖν
963 3229 1096 3300 παίδων,
1124 3229 1160 3298 ὃς
1193 3225 1232 3310 ἦν
1256 3228 1325 3298 υῑδς

293 3336 481 3417 Εὐδαμίδου
516 3334 703 3417 (εὐλαμλδου
731 3333 806 3416 AR,
840 3353 922 3399 corr.
951 3331 1026 3417 D'2),
1060 3337 1178 3408 ζῶντος
1211 3337 1245 3399 δὲ
1272 3337 1325 3399 καὶ

271 3443 535 3526 ’Ἱππομέδοντος
558 3443 673 3524 ἀκμὴν,
696 3443 733 3511 ὃς
756 3441 795 3524 ἦν
818 3442 886 3511 υἱὸς
905 3443 1089 3524 Ἁγησιλάου
1108 3449 1164 3505 τοῦ
1181 3441 1324 3525 Εὐδαμί-

295 3554 353 3616 δου
379 3552 580 3635 (εὖδαιμίδου
603 3550 679 3632 ΑΕ,
701 3557 756 3613 τοῦ
781 3551 950 3633 εὐδομίδου
975 3549 1032 3635 O):
1059 3557 1115 3614 τοῦ
1139 3551 1323 3633 εὐδαιμίδου

296 3659 422 3726 delevit
453 3663 547 3724 recte
579 3659 744 3723 Beuseier
771 3663 909 3739 propter
931 3657 1064 3722 hiatum.
1117 3659 1228 3738 Atque
1253 3677 1324 3723 cum

294 3769 454 3834 hocloco
478 3774 533 3830 τοῦ
557 3767 755 3849 εὐδαιμίδοο,
781 3785 881 3847 snpra
901 3767 1070 3848 εὐλομλδου
1087 3765 1246 3831 traditum
1270 3765 1324 3848 sit,

294 3877 452 3941 hahemus
477 3876 624 3940 fortasse
649 3873 823 3956 archetypi
843 3873 955 3939 varias
973 3873 1166 3956 scripturas,
1191 3893 1324 3953 quarrmr

294 3985 403 4049 altera
426 3983 460 4048 in
483 3983 631 4065 margine
657 3981 831 4064 archetypi
856 3981 1026 4061 adscripta
1049 3981 1083 4046 in
1108 3980 1227 4046 falsum
1248 4001 1324 4048 cou-

294 4095 408 4156 textus
433 4091 539 4156 locum
562 4090 707 4170 irrepsit.
762 4089 828 4154 Sed
855 4087 965 4169 potuit
998 4087 1098 4153 etiam
1132 4088 1196 4152 alio
1230 4089 1325 4153 modo

295 4197 510 4278 interpolatio
535 4197 569 4261 in
594 4200 785 4262 contextum
806 4194 931 4262 venire.

252 4309 348 4394 (Pag.
374 4313 469 4388 3653
493 4324 552 4385 pro
576 4304 761 4386 βουλόμεθα
786 4305 820 4367 δὲ
847 4305 959 4373 πάντες
986 4303 1098 4365 εἰδέναι
1129 4303 1166 4366 τὰ
1200 4311 1327 4368 τοιαῦτα

293 4417 347 4480 καὶ
373 4415 504 4498 μάλιστα
537 4413 595 4495 μὲν
629 4413 777 4475 αὐτόπται
810 4411 947 4492 γίνεσθαι
981 4414 1048 4474 tet:
1081 4413 1199 4482 πάντας
1223 4411 1327 4495 AFR,
