2854 4834
678 203 897 268 ..14.„

250 397 332 480 Pag.
359 395 474 480 33'7‚19
509 398 541 461 οἳ
569 397 605 461 τὸ
637 393 696 482 μέν
728 404 857 480 πρῶτον
888 406 926 482 τῇ
955 397 1058 483 Πύλῳ
1085 403 1315 486 προσμίξαντεςε

295 502 504 588 συμμίξαντες
527 507 587 571 ΑΒ
611 506 644 572 in
670 510 845 588 contextu,
870 506 930 572 sed
959 532 1043 590 apoc
1071 510 1252 592 adscripsit
1275 510 1315 576 Al

295 613 329 678 in
351 633 454 697 marg.
480 618 515 680 et
537 615 566 680 B
591 634 691 696 super
714 633 856 682 versum.
1031 685 1033 690 ,

333 787 335 792 .
363 723 590 806 προσμιγνύναι
608 740 709 802 saepe
727 740 747 786 a
762 721 903 804 Polybio
920 728 1112 807 usurpatur,
1128 726 1213 792 conf.
1230 732 1318 810 34,30

294 831 495 912 συνάψαντος
528 830 562 893 δὲ
593 829 646 892 καί
678 830 912 912 προσμίξαντος
943 831 1040 894 αὐτοῦ
1074 839 1139 904 τοῖς
1170 834 1241 916 περὶ
1271 836 1319 900 τὸν

287 917 438 1001 Ἄννωνα.
486 935 587 1001 Simil.
617 923 748 1018 acam,
782 941 899 1018 acala
923 937 1068 1022 Ἀννίβας
1091 939 1125 1002 δὲ
1147 944 1319 1024 προσμίξας

250 1054 254 1062 ’
293 1044 440 1126 τοῖςπερὶ
451 1043 505 1108 τὸν
514 1043 659 1126 ποταμὸν
670 1045 787 1116 τόποις,
818 1049 912 1124 673,1
928 1047 1107 1128 προσμίξας
1120 1097 1126 1110 .
1142 1097 1148 1109 .
1162 1097 1168 1110 .
1181 1055 1219 1130 τῇ
1230 1050 1319 1112 πόλει.

249 1154 331 1234 Pag.
356 1156 471 1232 345,11
498 1150 536 1214 ἵν’
560 1154 599 1215 ἂν
622 1151 690 1214 ποτ’
716 1153 822 1223 αὐτοῖς
845 1153 864 1214 ὁ
887 1153 966 1223 θεὸς
989 1151 1023 1216 εὗ
1048 1154 1109 1236 δαῖε
1143 1155 1161 1217 ὁ
1188 1155 1267 1226 θεὸς
1288 1155 1319 1219 εὖ

294 1261 342 1323 ὀῶ
366 1257 412 1324 Α1
438 1259 472 1324 in
496 1278 598 1340 marg.
622 1259 664 1339 B,
700 1259 718 1321 ὁ
750 1258 829 1330 θεὸς
857 1259 906 1322 δῶ
930 1259 978 1325 Α1
1001 1259 1036 1325 in
1061 1265 1221 1328 contextu
1246 1260 1320 1348 (sed

294 1369 328 1431 ἑο
354 1386 501 1448 superse.
526 1367 597 1432 ead.
620 1364 681 1451 m.)
717 1365 786 1448 GE,
819 1369 838 1430 ὁ
861 1367 940 1438 θεὸς
968 1368 1073 1432 eccam
1101 1369 1131 1433 Ε
1159 1368 1194 1434 in
1221 1389 1319 1453 marg.

262 1471 264 1474 ’
294 1481 327 1540 et
345 1475 384 1556 D,
401 1473 514 1546 όθεὸς
529 1474 636 1538 εὐδίαν
653 1474 702 1555 δῷ
718 1473 839 1538 Nabar.
876 1473 1177 1557 Schweighaeuser
1195 1477 1321 1543 confert

270 1583 380 1676 'Eum
394 1581 447 1646 Or.
473 1577 555 1646 667εΙ
575 1581 680 1644 ὅτανδ’
705 1582 723 1644 ὁ
748 1581 873 1664 δαίμων
896 1580 930 1645 εὗ
955 1583 1035 1666 ὅιθῷ
1057 1585 1087 1646 τί
1106 1584 1167 1666 χρὴ
1193 1585 1306 1666 φίλων;

247 1692 329 1772 Pag.
353 1695 471 1772 431‚25
504 1691 585 1773 ὑπὲρ
618 1688 665 1754 ὧν
700 1691 738 1753 οὗ
768 1674 918 1772 δυσχερὲς
945 1681 1173 1773 ἀποφήνασθαι
1200 1693 1254 1756 καί
1276 1693 1319 1775 μὴ

290 1800 431 1881 παρόντα
447 1799 526 1871 τότε,
542 1800 678 1880 ποτέρου
694 1797 751 1880 τὴν
765 1798 910 1880 τοιαύτην
926 1797 1012 1869 εἰκὸς
1027 1797 1103 1861 εἶναι
1116 1801 1320 1881 συμβουλίανε

260 1950 264 1956 -
291 1906 352 1970 τοτ’
377 1908 527 1988 ἑκατέρου
551 1906 660 1988 ADE,
693 1905 728 1970 in
760 1905 909 1988 margine
926 1897 1012 1970 add.
1039 1906 1177 1989 θατέρου
1204 1907 1320 1990 A¹DE‚
1412 1907 1413 1910 '

290 2015 357 2077 τότε
380 2015 518 2096 θατέρου
542 2013 637 2096 PBG,
660 2015 866 2095 τοτὲθατέρου
891 2012 930 2078 F.

359 2121 457 2186 Certe
483 2141 524 2186 ea
548 2121 722 2202 scriptura,
748 2140 832 2200 quae
857 2121 891 2186 in
916 2121 1074 2186 Vaticani
1089 2121 1239 2203 margine
1257 2142 1320 2187 non

275 2235 386 2311 ‚recte
404 2229 565 2294 adnotata
589 2232 656 2309 est,
679 2227 744 2294 iam
765 2228 800 2293 in
826 2228 1001 2310 archetypi
1018 2229 1177 2293 contextu
1195 2229 1321 2310 scripta

291 2345 378 2418 erat,
395 2354 466 2400 cum
482 2335 598 2400 eadem
614 2334 648 2399 in
665 2335 780 2401 codice
794 2335 1011 2402 Peiresoiono
1028 2337 1171 2418 legetur.
1207 2336 1317 2416 Atque

245 2449 246 2452 ’
281 2443 363 2511 ·veri
388 2443 494 2508 simile
519 2446 573 2506 esc
595 2442 630 2506 in
651 2443 834 2524 archetypo
852 2446 1002 2526 ἑκατέρου
1019 2463 1081 2524 per
1097 2443 1320 2509 coniecturam

290 2553 332 2618 ad
357 2555 546 2631 corruptum
570 2551 708 2630 θατέρου
733 2550 892 2631 scriptum
916 2551 1032 2616 fuisse.

289 2769 388 2841 ἐπίεζε
411 2763 459 2830 A¹
484 2769 520 2829 et
543 2763 572 2828 E
596 2762 631 2830 in
653 2783 765 2847 marg,
788 2764 868 2830 item
892 2766 961 2832 BD.

244 2876 325 2956 Pag.
350 2879 446 2956 aaa?
470 2879 525 2955 τῆς
547 2875 780 2956 προειρημένης
800 2874 953 2956 ἀφορμῆς
968 2875 1146 2958 λαβόμενος
1161 2874 1237 2956 AR,
1262 2873 1323 2939 sed

289 2984 338 3045 ε’πι
360 2981 394 3046 in
416 3000 519 3062 marg.
544 2981 617 3046 add.
641 2981 699 3060 ΑΙ,
721 2980 807 3046 unde
832 2982 1059 3064 ἐπιλαβόμενος
1081 2983 1118 3048 Β.

358 3088 443 3155 conf.
460 3093 533 3170 82‚5
550 3089 784 3172 λαμβανόμενοι
799 3090 950 3171 βραχείας
966 3090 1123 3173 ἀφορμῆς.
1166 3093 1238 3170 93,1
1265 3089 1321 3151 λα-

288 3199 427 3281 βόμενος
440 3197 474 3261 δὲ
486 3203 542 3279 τῆς
555 3198 707 3280 ἀφορμῆς
722 3197 844 3280 ταύτης.
873 3197 1043 3279 Persaepe
1056 3215 1137 3264 vero
1150 3195 1324 3262 invenitur

289 3305 505 3388 ἐπιλαβέσθαι,
530 3304 616 3384 quod
638 3305 701 3370 hoc
724 3304 798 3370 loco
823 3304 930 3371 voluit
946 3305 1101 3372 librarius
1124 3304 1159 3370 in
1184 3308 1324 3369 contex-

288 3419 356 3479 tum
380 3413 516 3478 inferre.
678 3497 681 3503 Ι

243 3524 326 3605 Pag.
351 3527 468 3604 527,17
494 3523 524 3584 οῖ
547 3521 714 3585 ὅἈῖταιλοὶ
729 3521 831 3604 χωρὶς
849 3527 913 3584 τῶν
929 3521 1038 3585 ὅπλων
1054 3519 1134 3603 ἧκον
1149 3520 1323 3602 πανθημεῖε

287 3630 389 3713 ἦλθον
414 3629 453 3710 Α,
479 3629 536 3694 sed
561 3637 641 3712 ῆκον
666 3629 737 3694 ead.
760 3649 876 3696 manns
899 3628 934 3694 in
956 3628 1116 3712 margine.

309 3842 570 3926 Dittographiae
587 3848 711 3924 autem,
736 3842 871 3924 quaein
888 3843 1003 3909 codice
1020 3842 1044 3908 G
1062 3841 1137 3929 (qui
1153 3861 1327 3926 persaepe

242 3951 316 4033 ipse
342 3951 551 4017 coniecturas
572 3950 730 4036 protulit)
756 3951 925 4034 leguntur,
949 3971 1025 4017 nom
1042 3952 1084 4017 ad
1101 3953 1327 4034 archetypum

242 4059 443 4125 referendae
469 4057 545 4140 sint,
569 4059 668 4126 valde
694 4060 823 4124 dubium
849 4065 912 4125 est.
958 4059 1049 4126 Conf.

242 4168 324 4248 Pag.
349 4169 442 4247 37‚31
469 4166 605 4229 ἐκκλῖναι
628 4167 766 4249 ΑΒΒΕ,
790 4168 923 4249 ἐγκλῖναι
949 4172 984 4233 et
1007 4169 1143 4232 ἐκκλῖναι
1166 4167 1191 4234 G
1214 4188 1245 4250 p.
1273 4167 1305 4234 d.

243 4276 324 4358 Pag.
365 4279 458 4357 51‚31
499 4269 665 4356 παρέλειπε
703 4277 747 4358 Α,
785 4276 935 4359 παρέλιπε
969 4277 1014 4357 R,
1051 4281 1224 4356 utrumque
1263 4293 1330 4358 pel·

289 4382 427 4466 dittogr.
451 4381 484 4448 O.

118 2686 120 2690 ·
244 2662 326 2742 Pag.
349 2663 467 2740 490,17
493 2658 603 2732 έπιέζει
626 2657 837 2740 Hultsohiu8‚
863 2659 994 2733 ἐκπιέζει
1022 2660 1066 2741 Α,
1095 2661 1229 2734 έππιέζει
1257 2658 1321 2741 ΟΕ,
