2906 4834
689 208 882 267 ,6.-

314 402 400 466 Item
434 399 612 465 communis
644 399 764 464 lacuna
798 396 968 463 invenitur
999 415 1075 478 pag.
1103 401 1233 477 188‚23,
1266 393 1323 459 uhi

248 496 345 573 ΑΜΕ
374 508 522 573 tradunt:
556 507 621 570 ἐπεὶ
648 507 737 569 δὀὐκ
765 506 933 574 αὐτοτελεῖς
960 506 1034 567 εἰσιν
1062 505 1133 566 οὔτε
1160 503 1231 584 περὶ
1258 508 1324 565 τῶν

246 617 470 697 κρατησάντων
493 615 728 696 ἐλαττωμάτων,
753 612 967 678 Oasaubonlls
989 609 1134 676 coniecit
1157 612 1227 672 οὔτε
1250 609 1322 690 περὶ

245 729 310 786 τῶν
332 724 557 806 κρατησάντων
580 723 650 784 οὔτε
673 722 829 802 aegistho
852 720 1095 802 ἠλαττωμένων,
1121 715 1322 781 Hultsehius

247 831 317 892 οὔτε
341 830 498 911 περὶτῶν
520 829 757 910 κατορθώσεων
781 827 845 890 οὐτ’
870 827 1104 907 ἐλαττωμάτων.

246 935 327 1017 Pag.
353 941 473 1016 34234
495 937 550 1019 τὴν
573 935 729 1018 μουσικὴν
753 935 945 1016 παραλαβεῖν
968 933 1178 1011 Athenaeus
1203 929 1323 996 omise-

337 1047 415 1107 runt
438 1041 540 1107 ΑΕΒ.

246 1151 328 1232 Pag.
353 1154 471 1231 351,15
495 1152 541 1232 μή
567 1149 749 1215 omiserunt
772 1148 874 1213 AFR.

315 1259 430 1337 Neque
458 1276 540 1323 vero
570 1275 757 1326 communes
790 1253 1068 1336 interpolationes
1104 1254 1226 1320 desunt
1262 1251 1324 1338 (de

248 1365 366 1446 quibus
399 1370 522 1448 postea
554 1365 649 1446 plura
683 1364 825 1429 dicenda
853 1361 980 1446 erunt).
1031 1361 1186 1443 Exempli
1210 1361 1324 1444 gratia

246 1473 414 1554 proferam
430 1477 656 1554 pag.'360‚27,
680 1472 735 1538 uhi
760 1473 793 1536 δὲ
818 1475 897 1536 ante
923 1470 972 1533 διὰ
997 1469 1031 1534 in
1055 1469 1147 1534 ARN
1171 1468 1320 1534 additum

248 1587 345 1646 recte
370 1580 497 1646 delevit
522 1581 834 1662 Schweighaeuser.

316 1687 535 1754 Communium
551 1693 663 1753 autem
677 1671 869 1752 mendarum
888 1687 1040 1767 exempla
1056 1690 1134 1751 sunt
1149 1685 1324 1767 permulta,

249 1815 291 1861 ex
317 1795 434 1886 quibus
458 1797 542 1870 haec
567 1800 695 1860 tantum
719 1794 836 1860 affero:
872 1797 875 1806 '

246 1904 327 1985 Pag.
351 1909 447 1985 4333
468 1909 563 1969 recte
581 1903 711 1968 conexit
727 1902 858 1989 Regius
870 1903 1019 1965 ἁπάντων
1035 1920 1095 1983 pro
1112 1901 1176 1964 ἀπὸ
1191 1903 1321 1965 πάντων

339 2011 444 2101 nnn.
850 2020 851 2023 Ν
973 1987 1006 2070 “,

341 2123 434 2199 178,8
470 2117 771 2199 Schweighaeuser
805 2116 951 2182 coniecit
983 2118 1141 2198 ἐπιμένων
1168 2117 1271 2204 prot
1308 2155 1322 2166 -

381 2228 536 2308 κειμένων
559 2224 653 2289 AFR
679 2223 785 2308 (quod
810 2227 903 2292 certe
927 2222 1048 2288 falsum
1073 2222 1155 2308 est).
1183 2295 1184 2300 ἵ

338 2337 455 2414 368,10
480 2333 554 2395 ὅταν
656 2333 795 2394 ἐκλύεται
818 2330 921 2412 AFR,
947 2349 1030 2394 corr.
1054 2331 1198 2412 ἐκλύηται
1221 2331 1260 2403 l),

338 2445 431 2520 387‚1
456 2441 570 2504 ἐπίπαν
593 2439 693 2519 AFB,
717 2441 850 2502 ‹inciaco›
874 2437 970 2518 ODE,
995 2456 1079 2502 corr.
1098 2437 1156 2502 Be.
1178 2438 1323 2500 ἀπεῖπαν.

341 2551 436 2628 394,6
460 2547 547 2628 παρά
571 2547 608 2610 τὰ
632 2552 726 2610 recte
751 2544 808 2626 13²,
831 2545 961 2627 περὶτὰ
985 2545 1084 2609 APR.

338 2662 434 2738 413‚6
458 2657 658 2738 πολιτεύμασι
681 2662 777 2720 reete
800 2652 858 2735 FF,
881 2654 1031 2736 radispone
1054 2652 1204 2717 APBDE
1215 2650 1232 2716 ¹.

336 2769 455 2846 leant
489 2783 548 2845 pro
584 2761 631 2827 ὧν
664 2763 703 2846 ἢν
737 2763 803 2827 nal:
838 2761 878 2844 ἦν
909 2765 944 2824 ἓν
975 2760 1029 2824 καὶ
1057 2759 1081 2824 S
1112 2754 1186 2843 (qui
1219 2777 1324 2840 saepe

382 2871 594 2938 coniecturas
618 2869 793 2955 protulit),
817 2871 927 2952 ήνεγκε
952 2867 1019 2948 ΑΡ,
1044 2869 1154 2949 ἤνεγκε
1177 2865 1246 2931 Fa.

335 2985 454 3061 430,21
480 2980 638 3048 ἀκουσίως
663 2977 834 3058 AMPFR,
864 2975 1012 3072 correxit
1035 2976 1196 3046 ἀκουσίων
1217 2973 1268 3055 0²,
1285 2979 1324 3038 ut

380 3087 515 3152 videtur
541 3085 641 3170 (conf.
665 3104 767 3151 versu
792 3089 834 3148 24
857 3082 1024 3167 ἑκόντων),

338 3200 457 3275 515,14
482 3196 528 3265 ὡς
553 3192 667 3278 (certe
691 3192 830 3278 falsum)
857 3190 998 3272 AMFR',
1015 3189 1044 3273 ᾦ
1061 3190 1230 3272 Reiskius‚
1254 3191 1323 3272 ὅσῳ

384 3301 697 3384 Schweighaeuser.
1045 3359 1047 3362 .

337 3416 431 3492 823st
458 3411 521 3473 ἀλλ’
546 3410 641 3490 ἀπρὶξ
659 3407 797 3489 egregie
816 3405 961 3472 coniecit
977 3405 1134 3471 Valesius
1159 3424 1218 3485 pro
1243 3404 1320 3467 ἀλλὰ

380 3517 454 3599 πρὶν
476 3516 534 3580 PF
560 3513 655 3600 (ἀλλὰ
681 3511 831 3598 Silidas).

314 3626 367 3690 Ex
385 3624 448 3705 eis
467 3642 548 3704 quos
566 3621 675 3702 attuli,
692 3620 776 3685 locis
794 3619 879 3686 satis
897 3625 1039 3701 apparet
1056 3638 1168 3685 omnes
1187 3617 1320 3684 codices

248 3735 290 3799 ad
311 3751 409 3799 unum
434 3731 652 3810 archetypum
676 3727 872 3793 referendos
902 3747 989 3809 esse,
1024 3727 1078 3806 qui
1109 3725 1221 3791 multis
1256 3725 1321 3790 iam

245 3840 373 3907 mendis
391 3839 596 3919 depravatus
618 3839 700 3901 crat.
748 3835 830 3900 Nam
855 3854 935 3900 casu
958 3834 1084 3899 factum
1108 3853 1199 3914 esse,
1223 3837 1260 3897 ut
1287 3832 1322 3897 in

248 3947 393 4014 diversis
429 3944 598 4010 codicibus
631 3949 684 4009 tot
706 3942 772 4008 loci
798 3942 937 4007 eundem
960 3941 991 4006 in
1028 3941 1156 4006 modum
1180 3959 1322 4005 corrum-

247 4060 416 4138 perentur,
449 4052 611 4119 credibile
644 4071 709 4117 non
739 4055 801 4116 est.
847 4047 919 4130 Qua
945 4048 985 4114 de
1012 4067 1113 4112 causa
1137 4047 1179 4112 de
1204 4047 1321 4112 codice

248 4164 386 4244 quodam
410 4163 594 4243 archetypo
620 4160 741 4240 optimo
766 4158 839 4223 iure
864 4156 1012 4222 editores
1034 4157 1139 4221 uerba
1155 4155 1322 4236 fecerunt,

248 4271 340 4338 cuius
373 4268 601 4352 proprietates
635 4268 698 4332 hac
732 4263 974 4330 dissertatione
1009 4263 1206 4328 tractandas
1241 4261 1323 4326 mihi

250 4377 415 4462 proposui.
