2906 4834
585 217 623 224 ,-
673 184 800 244 21-

155 371 238 454 Pag.
265 377 360 454 1673
390 373 440 438 διὰ
463 381 527 439 τῶν
551 377 712 459 ἀληθινῶν
735 381 840 459 ἔργων
861 380 915 442 καὶ
938 380 1043 462 λόγων
1066 382 1108 451 εἷς
1130 382 1230 444 πάντα
1322 375 1326 380 ’

200 479 256 543 τὸν
271 482 387 564 χρόνον
403 483 538 556 διδάξαιε
562 481 722 570 cicladum
739 483 788 550 Α2
805 505 846 551 ex
863 483 1072 572 είςξ*****τα,
1092 489 1135 558 εἰς
1151 490 1230 570 σύμ-

201 611 302 652 παντα
318 588 524 654 Hultschins.
559 590 612 655 Ad
629 610 724 671 quem
739 593 845 659 locum
862 593 1036 660 Wobstius
1053 615 1128 678 pag.
1145 595 1231 661 XIX

202 695 388 762 adnotavit:
421 717 556 776 vereor,
590 717 633 764 no
669 719 782 766 manus
820 703 928 768 altera
963 702 1230 785 dittographiam,

203 823 298 885 quam
313 804 348 869 in
365 811 524 873 contextu
539 806 710 874 invenisse
734 810 898 892 videatur,
922 813 965 882 είς
986 811 1041 875 τὸν
1061 813 1161 875 πάντα
1177 810 1231 874 τὸν

200 913 318 995 χρόνον
340 913 455 994 inepto
480 916 681 998 correxerit3
707 916 857 998 equidem
873 917 1088 999 praetulerim
1112 920 1154 989 είς
1177 917 1231 982 τὸν

200 1023 302 1084 πάντα
325 1023 442 1104 χρόνον
465 1024 552 1104 apud
576 1024 759 1106 scriptores
784 1025 1064 1092 usitatissimum.“

269 1147 337 1213 Sed
361 1167 431 1212 curn
455 1149 548 1214 locus
576 1149 754 1216 lacunosus
788 1151 847 1232 sit,
882 1151 967 1216 certi
1001 1151 1125 1232 aliquid
1154 1171 1229 1218 con·

201 1254 294 1321 tendi
317 1256 441 1335 nequit.
869 1261 872 1267 ⁴

152 1382 238 1464 Pag.
264 1386 379 1464 total
406 1383 574 1466 Ῥωμαίων
603 1384 649 1459 δὲ,
682 1385 760 1467 μετὰ
783 1385 818 1449 τδ
841 1387 1076 1450 καταλύσασθαι
1099 1387 1230 1470 Καρχη-

202 1490 327 1561 δονίους
348 1491 404 1575 τὴν
427 1495 659 1576 προειρημένην
681 1493 833 1576 ταραχηνε
859 1495 1065 1558 διαλύσασθαι
1087 1494 1232 1560 coniecit

201 1598 500 1681 Schweighaeuser
536 1603 584 1680 et,
616 1603 654 1664 ut
681 1599 879 1666 Hultschius
908 1601 1095 1684 adnotavit,
1128 1603 1230 1668 multo

201 1711 281 1772 ante
305 1706 375 1789 ille,
405 1707 458 1787 qui
482 1707 622 1790 margini
648 1709 823 1791 archetypi
848 1709 897 1772 διὰ
922 1709 1117 1790 adscripsit,
1146 1710 1232 1789 quod

201 1815 235 1880 in
259 1815 321 1880 AR
345 1820 422 1882 ante
446 1815 502 1898 τὴν
525 1816 724 1882 inculcatum
749 1822 811 1899 est,
836 1816 978 1882 eiectum
1003 1819 1043 1883 ab
1068 1817 1199 1884 Ursino.

269 1943 335 2009 Sed
360 1963 431 2010 oum
454 1963 530 2026 pag.
557 1948 673 2026 194,1a
697 1945 861 2028 legamus:
895 1945 933 2008 οὐ
960 1945 1114 2028 πρότερον
1142 1971 1230 2010 κατε-

200 2053 333 2115 λύσαντο
366 2051 420 2114 τὸν
452 2052 605 2133 πόλεμον,
641 2071 743 2118 eausa
777 2072 842 2119 non
878 2056 945 2134 est,
981 2071 1038 2117 cur
1059 2057 1231 2120 mutemus

200 2159 374 2226 Librarius
409 2157 513 2240 igitur
547 2157 706 2224 usitatam
740 2157 940 2224 locutionem
975 2179 1035 2241 pro
1070 2160 1232 2227 inusitata

201 2267 287 2332 falso
317 2265 465 2332 scribere
493 2265 607 2331 voluit.
654 2265 745 2332 Conf.
770 2286 846 2350 pag.
872 2270 989 2350 197,28
1015 2269 1231 2350 διαλυομένων

200 2374 256 2444 τὰς
279 2375 405 2456 ἔχδρας.

150 2501 238 2582 Pag.
263 2505 359 2581 207,o
392 2503 411 2582 ἢ
445 2500 506 2582 γὰρ
538 2499 591 2564 τὸν
620 2501 791 2585 στρατηγὸν
818 2503 961 2586 Ἀννίβαν
988 2503 1042 2566 καὶ
1069 2502 1142 2573 τοὺς
1164 2504 1230 2586 μετ’

201 2609 298 2672 αὐτοῦ
332 2608 503 2690 συνέδρους
536 2608 685 2678 ἐκδότους
713 2609 833 2673 διδόναι
856 2611 1023 2693 Ῥωμαίοις
1046 2613 1187 2696 ἀπῄτουν
1211 2616 1230 2696 ἢ

200 2716 413 2799 προήγγελλον
436 2715 490 2779 τὸν
513 2716 664 2798 πόλεμονι
698 2741 838 2782 επαιτεον
867 2717 959 2800 (sine
986 2718 1063 2800 spir.
1088 2723 1124 2784 et
1148 2721 1230 2804 aco.)

200 2824 246 2906 A,
279 2825 403 2887 διτετέον
425 2823 468 2904 Β,
500 2825 679 2908 ἕκαιτητέον
707 2825 750 2906 N,
786 2826 926 2909 ἀπῄτουν
954 2825 1054 2907 CDE,
1069 2915 1070 2918 Ἴ
1087 2827 1231 2890 ἐκέλευον

201 2931 346 2999 coniecit
377 2931 581 3013 Dindorfius;
614 2932 811 3000 Hultschius
846 2938 955 3000 autem
988 2935 1138 3000 adnotat:
1176 2941 1231 3016 „at

162 3112 165 3122 A
200 3060 281 3110 vero
307 3040 383 3106 olim
407 3042 521 3123 glossa
539 3042 674 3104 ἐπαίτιον
691 3040 733 3106 ad
744 3041 886 3124 Ἀννίβαν
902 3043 1043 3125 margini
1060 3043 1231 3125 adscripta

199 3149 306 3215 fuisse
339 3149 473 3215 videtur
506 3168 610 3229 eaque
643 3149 707 3215 huo
740 3150 904 3232 migrasse
932 3151 966 3216 in
996 3153 1093 3218 verbi
1115 3153 1230 3236 locum,

200 3257 370 3338 cumipse
400 3257 544 3338 scriptor
571 3255 767 3323 infinitivum
796 3258 915 3321 διδόναι
948 3277 989 3323 ex
1020 3261 1255 3341 προτείνοντες-

202 3383 398 3446 suspensum
423 3365 494 3431 sine
518 3367 621 3432 verbo
646 3366 825 3446 posuerit.“

267 3491 334 3557 Sed
359 3510 430 3556 cum
454 3491 605 3574 intellegi
628 3498 786 3574 nequeat,
820 3512 878 3558 cur
905 3495 1040 3557 ἐπαίτιον
1064 3495 1231 3576 glossema

199 3599 403 3680 adscriptum
426 3598 542 3680 fuerit,
565 3599 672 3681 magis
689 3601 802 3682 placet
818 3601 963 3667 Wobstil
979 3602 1158 3684 sententio,
1176 3603 1230 3683 qui

200 3711 320 3774 censet
355 3705 430 3771 olim
458 3707 492 3772 in
521 3709 704 3790 archetypo
734 3707 893 3789 scriptum
916 3709 1022 3776 fuisse
1045 3713 1064 3793 ἢ
1089 3711 1150 3792 γὰρ

194 3816 339 3898 Ἀννίβαν
361 3816 416 3878 καὶ
434 3815 507 3886 τοὺς
521 3815 586 3898 μετ’
604 3818 701 3881 αὐτοῦ
718 3817 889 3898 συνέδρους
902 3817 1068 3899 Ῥωμαίοις
1084 3819 1230 3882 ἐκδοτέον

199 3927 219 4007 ἢ
253 3924 466 4006 προήγγελλσν
498 3925 552 3988 τδν
584 3925 723 4007 πόλεμον
757 3930 804 4007 et,
838 3945 909 3991 oum
937 3927 1084 3990 ἐκδοτέον
1107 3926 1230 3993 fuisset

200 4032 424 4114 obscuratum,
463 4033 609 4115 glossam
650 4034 799 4103 ἐκδότους
837 4035 957 4097 διδόναι
996 4035 1137 4117 margini
1174 4037 1228 4101 ad-

200 4140 360 4222 scriptam
382 4140 417 4204 in
442 4145 631 4206 contextum
654 4141 826 4221 recepisse
850 4141 1014 4208 librarios.

266 4265 357 4350 Quae
376 4267 521 4334 Wobstii
547 4267 717 4334 sententia
740 4267 862 4348 optime
888 4269 1042 4352 congruit
1066 4289 1138 4335 cum
1163 4270 1227 4336 alio

196 4377 280 4458 1000,
312 4375 367 4458 qui
394 4397 469 4460 pag.
496 4383 589 4458 208,5
615 4377 750 4460 legitur:
786 4379 805 4459 ἢ
838 4376 910 4447 τοὺς
943 4379 1057 4448 αἰτίους
1082 4378 1227 4442 ἐκδοτέον
