2906 4834
175 526 439 591 verbenaeve
462 543 528 591 non
551 530 645 590 reete
669 525 896 608 intellegeret.

129 633 211 714 Pag.
237 637 353 715 baali
379 635 418 698 οἵ,
430 651 462 696 τε
485 633 701 716 Καρχηδόνιοι
723 634 816 696 πάλιν
831 634 970 715 εὐλόγως
986 635 1057 696 οὔτε
1074 657 1201 716 στρατο-

174 741 378 812 πεδεύσαντες
400 741 477 823 μετὰ
501 749 556 825 τῆς
571 743 668 805 ἵππου
687 743 791 823 μίνετν
806 742 955 805 ἐδύναντο
971 741 1069 804 πλείω
1085 741 1203 822 χρόνον

175 849 226 912 διὰ
249 849 284 912 τὸ
307 850 344 912 τὰ
367 850 426 932 μὲν
442 851 476 914 ἐν
491 856 528 932 τῇ
543 851 759 932 παρακειμένη
775 850 867 931 χώρᾳ
883 848 1084 930 χορτάσματα
1100 849 1201 912 πάντα

173 959 430 1040 κατεφθαρκέναι
451 957 524 1028 τοὺς
543 957 720 1038 Ῥωμαίους
743 957 839 1020 αὐτοῦ
867 957 979 1018 τούτου
1007 957 1107 1038 χάριν,
1141 963 1204 1026 τοῖς

175 1065 209 1128 δὲ
232 1067 343 1135 νώτοις
366 1067 427 1129 οὐκ
450 1065 578 1148 ἐφικτὸν
600 1065 677 1128 εἶναι
699 1065 833 1147 τοσαύτῃ
856 1064 916 1146 μὲν
932 1066 1027 1146 ἵππῳ,
1044 1067 1202 1135 τοσούτοις

174 1173 202 1238 δ’
227 1176 408 1256 ὑποζυγίοις
430 1174 601 1238 κατανύσαι
628 1173 743 1254 χόρτον
769 1176 788 1254 ἢ
812 1172 928 1254 κριθὰς
951 1174 1139 1255 κομίζοντας
1167 1174 1202 1236 ἐκ

172 1289 302 1364 μακροῦ
326 1283 534 1365 διαστήματος
558 1279 596 1344 F.
643 1279 856 1346 Oasaubonus
878 1280 983 1346 vertit
1005 1287 1069 1351 τοῖς
1092 1283 1203 1352 νώτοις

172 1409 234 1473 per
280 1389 549 1471 „dossnariorum
592 1387 773 1454 veotione“
823 1390 986 1469 probante
1031 1388 1200 1472 Schweig-

172 1499 351 1578 haeusero,
380 1498 441 1563 sed
468 1515 627 1577 nusquam
652 1495 807 1562 similiter
829 1495 991 1578 Polybius
1015 1497 1078 1562 hoo
1103 1516 1201 1564 voea-

174 1605 251 1670 bulo
268 1604 382 1670 utitur.
420 1603 521 1670 Notio
538 1608 660 1669 autem:
688 1624 728 1685 „a
744 1606 861 1686 ιεεηοιι
881 1623 901 1669 a
916 1604 1055 1685 Polybio
1074 1623 1203 1686 semper

172 1731 234 1794 per
256 1712 336 1776 κατὰ
360 1715 463 1777 νώτου
489 1712 696 1794 exprimitur,
721 1711 806 1777 conf.
831 1716 948 1793 284,25
974 1714 1057 1795 ἔχων
1074 1713 1107 1776 δὲ
1123 1713 1202 1776 κατὰ

172 1823 277 1884 νώτου
293 1824 445 1904 χορηγίας
460 1823 640 1903 ἀφθόνους,
664 1821 745 1886 item
768 1825 905 1902 747,19,
929 1826 1058 1902 lasau,
1084 1823 1201 1902 806,18

177 1933 212 1994 et
229 1934 285 2011 26,
310 1933 427 2010 947,λὸ
446 1928 538 1994 alias.
584 1927 782 1993 Hultsohius
797 1934 860 1997 τοῖς
877 1927 911 1990 δὲ
926 1927 1074 2010 Νομάσιν
1091 1928 1202 1994 eonie·

176 2037 225 2103 eit
247 2038 336 2102 nullo
361 2040 556 2119 argumento
580 2036 739 2102 fuloitum.

241 2144 405 2210 Fortasse
421 2151 485 2214 τοῖς
500 2146 611 2214 νώτοις
627 2163 669 2209 ex
686 2147 842 2226 corrupta
864 2145 1092 2228 dittographia
1107 2145 1202 2212 verbi

172 2254 332 2322 τοσούτοις
357 2251 452 2336 (fort.
475 2254 641 2336 τοιούτοις)
668 2257 742 2318 orta
766 2257 843 2318 sunt
867 2259 967 2333 atque
993 2251 1201 2318 scribendum

172 2367 228 2426 esi
252 2361 311 2424 οὐκ
335 2359 472 2444 ἐφικτὸν
499 2360 526 2424 δ’
552 2360 628 2424 εἶναι
653 2365 716 2426 oet.

240 2467 307 2533 Sed
331 2467 430 2533 etiam
455 2467 544 2532 aliud
568 2467 601 2533 in
624 2468 676 2534 bis
701 2468 815 2534 verbis
839 2469 946 2534 latere
970 2473 1092 2549 potest.

123 2577 208 2658 Pag.
239 2580 354 2657 697,19
388 2575 454 2638 ἐπεὶ
486 2575 520 2638 δὲ
553 2577 824 2658 συντετελεσμίνης
856 2575 909 2640 ὑπ’
939 2576 1115 2658 Ἀντιγόνου
1147 2585 1202 2660 τῆς

171 2683 414 2766 πολυθρυλήτου
431 2685 543 2767 ταύτης
559 2683 737 2764 ἐλευθερίας
752 2685 806 2747 καλ
823 2687 978 2766 σωτηρίας
993 2710 1032 2768 ην
1044 2687 1072 2747 εἰ
1081 2686 1201 2748 τούτων

173 2793 305 2854 ἕκαστον
328 2792 403 2873 ἡμῖν
426 2791 618 2864 ὀνειδίζωσιν
641 2790 679 2871 F,
703 2793 743 2873 ἣν
767 2789 852 2855 οὗτοι
875 2792 950 2874 παρ’
974 2793 1106 2856 ἕκαστον
1130 2844 1136 2856 .
1162 2843 1168 2855 .
1194 2845 1200 2856 .

173 2899 356 2972 ὀνειδίζουσι
379 2898 607 2980 OasaubonUS,
640 2901 679 2980 ἣν
710 2899 845 2981 ᾔσθεσθ
870 2901 905 2962 ἐκ
927 2901 1048 2964 τούτων
1070 2903 1201 2965 ἕκαστον

173 3008 247 3088 ὑμῖν
270 3007 458 3080 ὀνειδίζοντα
482 3005 695 3086 Hultsehlus,
720 3007 806 3086 quod
830 3007 988 3072 audacius
1015 3013 1081 3088 est,
1107 3026 1200 3088 quam

172 3119 211 3180 ut
238 3116 405 3196 probetur,
429 3131 536 3193 neque
562 3114 602 3177 ab
626 3112 804 3178 Hultsehio
824 3112 858 3178 in
876 3117 1068 3179 contextum
1084 3135 1200 3196 recep-

172 3229 240 3288 tum
267 3230 328 3288 est.

241 3329 323 3395 Mihi
340 3329 495 3409 sequenti
511 3328 696 3395 (lasauboni
714 3330 937 3396 coniecturam
959 3350 1019 3412 pro
1043 3357 1090 3414 ην,
1116 3334 1201 3413 quod

172 3457 238 3504 non
261 3443 356 3503 reete
379 3437 653 3521 intellegebatur,
676 3438 771 3504 varia
789 3439 955 3520 scriptura
975 3441 1003 3503 εἰ
1024 3439 1057 3504 in
1086 3442 1199 3506 arohe-

172 3551 253 3628 typo
278 3546 365 3611 falso
390 3546 561 3627 adscripta
586 3565 662 3611 esse
687 3546 829 3625 videtur,
854 3565 925 3612 oum
943 3549 1074 3610 ἕκαστον
1091 3547 1200 3614 obiec-

172 3660 240 3720 tum
265 3674 342 3720 esse
366 3661 502 3737 putaret
524 3654 689 3720 librarius.

124 3763 207 3845 Pag.
234 3767 351 3844 765,1a
375 3762 445 3844 περὶ
469 3759 517 3825 ὧν
538 3762 598 3843 γὰρ
615 3763 770 3826 ἀδύνατον
786 3769 903 3844 γνῶναι
918 3763 992 3844 πρὶν
1007 3766 1027 3845 ἢ
1045 3766 1198 3845 γενέσθαι,

169 3870 240 3952 περὶ
263 3871 383 3933 τούτων
407 3870 481 3932 οὐδὲ
506 3870 680 3932 συνθέσθαι
700 3869 764 3949 πρὸ
780 3876 835 3932 τοῦ
853 3870 985 3933 δυνατὸν
1001 3869 1040 3934 F.
1088 3871 1199 3937 Verba

169 3977 233 4057 πρὸ
256 3982 311 4040 τοῦ
336 3975 552 4041 offensionem
574 3977 752 4058 praebent,
776 3996 850 4042 nam
873 3998 934 4059 per
959 3977 1056 4059 signa
1075 3978 1199 4059 aliquid

172 4083 374 4166 significare,
397 4084 587 4164 priusquam
612 4083 737 4148 fautum
762 4084 821 4166 sit,
845 4085 958 4166 inepte
986 4085 1109 4151 dietum
1137 4092 1199 4152 est.

169 4193 287 4272 Itaque
298 4191 362 4273 πρὸ
372 4197 428 4254 τοῦ
435 4191 561 4257 variam
573 4210 649 4256 esse
662 4191 858 4272 scripturam
872 4192 910 4256 ad
923 4193 1024 4276 πρὶνῆ
1038 4194 1199 4275 suspicor.

124 4302 206 4383 Pag.
232 4305 327 4381 769,8
350 4300 608 4381 παραγενόμενος
631 4299 659 4362 δ’
684 4301 727 4368 εἰς
749 4300 804 4382 τὴν
828 4301 948 4384 ἔρημον
972 4303 1024 4364 ἐπί
1044 4325 1127 4372 τινας
1146 4303 1200 4366 καί

169 4410 284 4490 πέτρας
317 4409 510 4490 ἀπορρῶγας
548 4407 759 4490 (ἀπορρωγάς
791 4405 840 4493 F)
878 4409 995 4481 ἐξωθεῖ
1026 4409 1061 4473 τὸ
1097 4411 1199 4492 ῥεῦμα

12 191 14 254 ³
560 257 597 267 -
648 217 689 286 ar
737 256 779 266 -

174 417 209 484 in
223 417 303 482 κατὰ
319 425 411 482 τούτο
428 422 616 499 corruptum
633 424 700 499 est,
724 416 941 498 adscriptam,
959 435 1030 483 oum
1046 415 1202 482 librarius

12 2395 14 2438 l

12 2465 14 2526 l

12 2541 13 2590 l
