2906 4834
673 167 893 232 ῃρθ...

289 358 478 422 contextum
508 375 584 424 esse
612 357 780 426 insertum.
831 359 882 426 Ac
915 359 1063 426 fortasse
1098 361 1204 443 ipsum
1237 363 1319 429 illud

288 464 464 545 πρεσβύτου
488 465 633 546 genuina
656 467 786 548 Polybii
811 468 977 549 scriptura
1001 472 1103 535 erat.“

357 569 447 636 Cous.
479 591 554 653 pag.
589 578 704 654 1188ss
737 573 937 656 Πτολεμαίου
967 583 1025 639 τοῦ
1048 580 1226 660 πρεσβύτου
1250 577 1319 660 OU‚

280 679 501 760 πρεσβυτέρου
529 679 727 748 Dindotfius.
786 687 901 763 labra
933 683 1020 765 παρὰ
1053 691 1109 748 τοῦ
1141 688 1319 770 πρεσβύτου

288 786 442 867 βασιλέως
457 785 656 868 Πτολεμαίου
672 785 745 868 OU,
765 791 977 872 πρεσβυτέρου
994 788 1145 856 Ursinus
1191 791 1318 874 Quibus

289 893 372 958 locis
396 895 609 976 πρεσβυτέρου
625 893 659 960 in
674 897 851 978 πρεσβύτου
876 901 1066 978 aonulphum
1083 917 1160 964 esse
1176 898 1318 967 videtur.

356 1002 463 1068 Recte
498 1002 694 1068 vccabulum
727 1004 903 1085 πρεσβύτης
937 1003 1126 1073 adhibetur:
1176 1013 1315 1088 lauari

288 1109 453 1192 Μύρτιονα
470 1111 646 1193 πρεσβύτην
662 1111 845 1190 ἄνθρωπον.
895 1115 1009 1192 1319,1
1028 1114 1154 1178 ἐνέπεσέ
1169 1137 1212 1186 τις
1226 1116 1318 1178 πτοία

288 1224 351 1288 τοῖς
385 1220 466 1288 νέοις
499 1219 692 1301 παράλογος,
733 1220 802 1282 οίοα
836 1219 896 1286 οὐκ
928 1222 1051 1302 ἔφασαν
1084 1223 1115 1286 οἱ
1148 1223 1319 1304 πρεσβῦται

248 1395 252 1404 ,
289 1328 496 1408 γεγενημένην
518 1327 680 1409 πρότερον.

355 1435 430 1502 Huc
465 1436 537 1500 loca
573 1439 709 1516 practer
743 1455 857 1502 veram
891 1437 1069 1504 lectionem
1103 1441 1318 1522 πρεσβυτέρου

288 1542 435 1610 fortasse
473 1562 515 1608 ex
551 1542 743 1612 coniectura
778 1548 882 1611 ortam
915 1543 1042 1612 tradita
1075 1551 1130 1612 est
1163 1552 1320 1627 corrupta

289 1649 457 1731 scriptura
479 1652 669 1733 πρεσβύτου,
695 1669 778 1730 quae
795 1651 915 1720 fusum
930 1652 964 1720 in
979 1653 1086 1721 locun
1110 1655 1319 1736 transposita

290 1763 343 1824 est
368 1758 575 1849 excerptoris
599 1759 823 1842 neglegentia.

243 1867 324 1948 Peg.
351 1871 467 1948 iaaac
492 1865 540 1930 ὧν
568 1867 794 1950 ἀνυπονοήτιυς
821 1869 1021 1949 ἐμπεσόντων
1053 1871 1162 1936 πολλοὶ
1194 1871 1253 1952 μέν
1286 1872 1320 1934 ἐν

288 1981 353 2045 ταῖς
377 1977 488 2060 ἀρχαῖς
511 1976 756 2055 ἀναστρέφοντες
780 1975 830 2038 διὰ
852 1974 889 2039 τὸ
911 1977 1096 2057 παράδοξον
1124 1984 1178 2060 τῆς
1205 1980 1319 2060 ἐπιφα-

289 2085 373 2158 νείας·
402 2083 480 2147 αὐτὸ
511 2088 575 2146 τῶν
608 2084 714 2148 ἵππων
747 2084 905 2148 ἀπέπεσον
933 2083 1001 2166 1⁴¹8,
1034 2085 1097 2148 ἀπὸ
1125 2091 1189 2150 τῶν
1212 2087 1321 2150 ἵππου

288 2193 445 2256 ἀπέπεσαν
462 2190 626 2272 Scaliger,
652 2190 800 2258 correxit
815 2191 846 2258 H
850 2193 969 2258 ultsch.
1015 2198 1080 2256 τῶν
1098 2193 1204 2258 ἵππων
1220 2194 1319 2274 ἀπέρ-

287 2323 369 2381 ρεον,
394 2297 447 2378 qui
471 2297 616 2366 coniecit
631 2299 707 2362 αὐτό
723 2297 828 2366 fuisse
845 2299 1105 2381 (lithographiam
1121 2299 1164 2366 ad
1180 2299 1318 2364 ΔΙΑΤΟ

290 2412 437 2472 extremo
462 2425 563 2475 versu
586 2405 621 2472 in
643 2406 827 2488 archetypo
852 2406 1064 2488 adscriptam.

357 2515 395 2580 δι’
425 2516 501 2580 οὐτὸ
532 2520 690 2598 corrupta
724 2516 891 2597 scriptura
924 2535 1001 2582 esse
1034 2517 1175 2584 videtur.
1232 2517 1318 2584 ccuf.

289 2643 364 2706 pag.
390 2627 483 2704 70‚13
509 2621 547 2686 δι’
572 2623 649 2686 αι’πδ
671 2622 706 2686 τὸ
730 2625 895 2689 πεπεῖσθαι
916 2623 954 2686 δι’
972 2625 1077 2688 αὐτῶν
1097 2631 1161 2692 τῶν
1180 2629 1319 2700 πεζικῶν

290 2733 459 2814 δυνάμεων
482 2733 596 2812 κρίνειν
611 2731 665 2795 τδν
681 2732 833 2814 πόλεμον,
858 2731 914 2798 ubi
929 2732 1089 2800 Reiskius
1106 2734 1156 2798 διὰ
1172 2734 1207 2797 τὸ
1222 2737 1317 2800 recte

290 2839 449 2920 correxit,
474 2837 620 2906 cumbis
646 2839 779 2910 ὁούτὸς
802 2839 926 2906 dictum
950 2841 1088 2906 tolerari
1112 2859 1176 2908 non
1199 2840 1318 2921 possit

244 2949 325 3029 Pag.
350 2952 465 3027 812,st
491 2947 610 3030 μεγάλα
635 2949 796 3028 συμβαίνει
819 2948 856 3010 τὰ
880 2950 1011 3030 συβόσια
1028 2949 1107 3012 κατὰ
1123 2949 1178 3030 τὴν
1189 2948 1318 3014 Ἰταλίαν

288 3056 439 3136 ὑπάρχειν
461 3055 514 3117 καί
536 3056 666 3136 μάλιστα
690 3055 746 3137 τὴν
768 3055 904 3122 παλαιὰν
919 3058 1006 3138 παρά
1030 3081 1061 3120 τε
1083 3063 1146 3126 τοῖς
1165 3055 1316 3138 Τυρρηνι-

289 3169 357 3232 κοῖς
379 3163 431 3226 καί
454 3162 607 3232 Γαλάταις
630 3161 669 3228 F.
714 3162 780 3228 Pro
803 3163 953 3236 παλαιὰν,
979 3163 1065 3243 qllod
1089 3181 1190 3230 sensu
1214 3166 1317 3243 caret,

290 3269 589 3352 Schweighaeuser
613 3271 758 3338 coniecit
776 3273 948 3354 meatim,-
973 3271 1033 3338 sed
1047 3291 1089 3338 ne
1105 3272 1168 3338 hoc
1186 3271 1315 3351 quidem

288 3377 459 3445 ferendum
499 3382 566 3460 cst,
610 3397 681 3444 cum
718 3378 849 3446 minime
887 3379 1027 3460 quadret
1059 3377 1101 3444 ad
1140 3379 1314 3458 sequentia

288 3487 375 3567 παρά
398 3511 430 3550 τε
452 3493 515 3556 τοῖς
541 3486 744 3568 Τυρρηνικοῖς
766 3486 820 3550 καί
842 3486 1003 3558 Γαλάταις.

357 3587 475 3674 Itaque
501 3593 770 3660 Wachsmuthius
798 3593 854 3676 τὴν
882 3594 1016 3660 παλαιὰν
1040 3594 1215 3662 delendum
1239 3613 1315 3660 esse

290 3701 422 3768 censuit
445 3701 480 3765 in
504 3700 681 3768 seminario
706 3699 999 3782 Heidelbergcnsi.

355 3810 395 3880 In
419 3809 604 3890 archetypo
630 3808 715 3876 enim
739 3809 854 3875 variae
873 3808 1060 3889 scripturae
1076 3809 1264 3876 HAAIAN
1283 3816 1317 3876 et

288 3918 485 3982 ITAAIAN
503 3917 609 3985 fuisse
633 3917 799 3984 videntur.

245 4027 325 4107 Pag.
340 4029 457 4107 813,λ3
470 4026 505 4089 τὸ
519 4026 552 4089 δὲ
568 4025 697 4107 Τιμαίου
707 4025 869 4107 φιλότιμον
880 4025 933 4088 καί
943 4026 1154 4108 φιλέγκλημον
1165 4026 1269 4096 οὐδεὶς
1278 4029 1317 4090 ἂν

290 4134 477 4208 ἀποδέξαιτο
489 4132 635 4214 (haeliae,
648 4131 820 4218 ohjhtffacw
833 4132 1099 4218 ohh'finchtfcrw
1111 4132 1158 4205 M,
1176 4135 1263 4213 quod
1276 4152 1317 4198 ex

694 4241 762 4304 οὐδ’
776 4241 963 4316 ἀποδέξαιτο
1151 4249 1154 4254 “

291 4348 767 4436 archetypivariisscripturis
792 4351 830 4414 ού
841 4350 961 4424 δέξαιτο
973 4353 1079 4419 crtum
1091 4348 1316 4418 esscvidetur.
