2854 4834
534 230 751 294 „53.-

151 447 192 492 ex
221 427 303 508 illa‚··
324 429 418 494 velut
450 447 511 509 per
544 427 876 509 compensationem.“
926 427 992 494 Sed
1020 447 1179 512 nusquam

151 533 212 602 tali
234 536 329 602 modo
354 537 433 599 κατὰ
457 539 556 618 μέρος
658 536 737 599 κατὰ
761 536 1065 619 ledeos-adhibitum
1086 537 1177 604 Vide·

144 661 220 708 mus
245 644 333 724 apud
355 643 537 726 Polybium.
566 643 788 710 ‘Vooabulum
811 645 1043 726 κεφαλαιωδῶς
1059 650 1177 728 autem,

151 769 212 830 quo
244 751 341 816 modo
375 755 469 816 neoto
501 752 588 816 huno
612 752 718 816 looum
745 751 995 834 intellegamus,
1028 751 1177 820 indicare

150 858 295 940 videtur,
320 877 392 924 oum
416 859 569 940 opposita
594 859 662 924 sint
686 879 739 941 ea,
765 879 848 940 quae
874 859 1056 926 summatim
1079 859 1177 944 Poly-

150 966 222 1032 bius
256 966 430 1049 disseruit,
466 977 565 1048 atqne
600 967 792 1050 singularia.
842 969 893 1032 De
917 967 1177 1050 Philopoemene

151 1074 236 1139 enim
269 1093 341 1140 oum
373 1074 532 1156 Polybius
562 1079 633 1138 tres
657 1074 761 1140 libros
787 1073 967 1155 separatim
992 1075 1178 1158 scripserit,

149 1181 356 1248 iuventutem
379 1180 469 1246 illius
494 1181 677 1247 summatim
700 1181 763 1246 hoo
786 1183 861 1247 looo
883 1187 1027 1262 tractat,
1061 1181 1102 1248 de
1128 1182 1177 1250 eis

149 1307 239 1369 vero,
265 1307 349 1370 qnae
372 1288 430 1354 ille
455 1285 546 1354 virili
568 1293 689 1354 aotote
714 1287 839 1372 gessit,
859 1289 969 1354 ¹fusius
987 1306 1073 1354 nuno
1088 1290 1178 1371 loqui

149 1397 230 1462 vult.
276 1395 348 1480 Qua
373 1396 414 1461 do
439 1413 541 1462 eausa
565 1395 772 1464 scribendum
799 1407 876 1462 esse
901 1395 1029 1462 oonioio
1046 1397 1082 1460 τὰ
1098 1381 1177 1461 πατὰ

148 1508 247 1587 μέρος
256 1506 381 1588 ἀφελεῖν
391 1513 427 1569 ot
436 1505 621 1586 προσθεῖναι
630 1493 683 1568 aot
692 1505 728 1568 τὰ
739 1504 818 1568 κατὰ
828 1507 936 1586 μέρος.
949 1503 1040 1569 Oonf.
1050 1507 1179 1585 alueo,

150 1620 262 1697 846‚6‚
288 1617 432 1694 1165,17Δ
453 1611 507 1695 (τὰ
529 1611 588 1695 μέν
612 1609 778 1695 ἀφαιροῧν,
801 1613 838 1675 τὰ
862 1613 898 1676 δέ
920 1612 1117 1694 προστιθὲν).

109 1724 185 1806 Peg.
212 1727 304 1804 totu
331 1741 390 1803 pro
415 1723 498 1786 ἔσται
523 1719 733 1786 scribendum
757 1725 811 1786 est
834 1721 974 1793 ἔσεσθαι,
1011 1739 1083 1786 cum
1106 1725 1178 1787 toto

149 1832 211 1898 hoo
236 1829 355 1910 -oapite
389 1827 498 1894 oratio
529 1826 696 1894 indirecta
730 1827 880 1893 adhibita
908 1828 954 1893 sit
981 1828 1130 1908 pendens
1159 1849 1179 1894 a

149 1939 227 2022 φησὶ
250 1939 310 2020 γὰρ
336 1931 462 2017 doale.
514 1927 516 1932 ¹

107 2047 186 2129 Peg.
212 2051 328 2128 786βῖ
345 2045 417 2115 τοὺς
439 2044 499 2126 μὲν
521 2044 600 2107 κατὰ
624 2047 721 2126 κέρας
743 2047 931 2127 ὑπεραίρειν,
954 2051 1017 2114 τοῖς
1041 2045 1075 2108 δέ
1099 2045 1178 2108 κατὰ

148 2154 325 2235 πρόσωπον
348 2155 433 2234 ἄγειν
456 2151 495 2233 F,
518 2152 591 2222 τοὺς
614 2153 649 2216 dd
673 2152 818 2218 oonieoit
842 2153 1067 2218 Gasanbonus

215 2263 328 2342 Atque
344 2268 406 2331 τοῖς
423 2262 457 2324 δὲ
472 2281 512 2326 ex
524 2262 604 2326 κατὰ
619 2263 796 2343 πρόσωπον
812 2261 957 2344 pendere
974 2279 1039 2324 non
1056 2263 1179 2350 potest,

123 2403 125 2408 ·
150 2369 203 2436 oui
227 2363 411 2450 respondet
434 2368 639 2436 antecedens
673 2369 752 2432 κατὰ
780 2371 884 2450 κέρας.
931 2367 1095 2433 For-tasse
1119 2387 1178 2448 pro

149 2479 235 2560 ἄγειν
268 2477 477 2544 scribendum
507 2482 560 2544 est
584 2479 716 2559 ἐπάγειν.
763 2477 853 2544 Cous.
878 2481 996 2558 833,16
1020 2475 1092 2545 τοὺς
1115 2476 1179 2540 ἀπὸ

148 2593 204 2649 τοῦ
229 2585 332 2658 δεξιοῦ
355 2589 489 2668 κέρατος
511 2587 612 2656 ἱππεῖς
635 2583 849 2667 ἐπαγαγόντας
870 2583 1014 2666 ἐμβαλεῖν
1029 2590 1093 2653 τοῖς
1108 2585 1179 2664 περὶ

147 2694 203 2757 τὸν
222 2690 437 2776 Ἁλέξανδρον.
1000 2697 1004 2708 ’

104 2802 185 2884 Peg.
202 2807 307 2883 ·835‚4
334 2804 363 2864 τί
389 2801 417 2864 ὁ’
443 2801 678 2882 ἀνειοτμότερον
701 2801 863 2882 φάλαγγος
887 2802 920 2863 ἐν
947 2803 1088 2883 μετώπῳ
1112 2802 1178 2864 ὃτα-

142 2909 319 2992 .λελυμένης
342 2911 394 2974 καὶ
419 2909 635 2991 (πεσσομένης,-
658 2908 697 2973 F.

217 3019 377 3100 ὀιίσισμαι
389 3035 549 3097 nusquam
567 3015 665 3081 simili
682 3017 812 3082 ratione
827 3015 1007 3082 adhibitum
1020 3015 1178 3081 ridemus.

17 3181 18 3190 ,
114 3169 116 3178 »
149 3127 262 3204 Atque
302 3124 452 3205 sequitur
489 3143 520 3190 v.
558 3129 576 3188 6
617 3124 838 3207 διαλελυμένην
876 3125 909 3186 ἐν
947 3125 1087 3206 μετώπῳ
1126 3126 1179 3188 καὶ

17 3291 18 3320 ÷
149 3228 379 3315 διεσπασμένην
418 3234 559 3315 δύναμιν.
622 3231 786 3298 Fortasse
829 3233 892 3297 hoo
919 3247 1064 3312 ‘quoque
1104 3233 1178 3299 looo

139 3341 380 3422 Ιοιεσπασμένης
401 3339 576 3422 legendum
602 3347 668 3421 est,
692 3345 729 3404 ut
753 3339 880 3404 omnino
903 3340 1060 3421 Polybius
1086 3359 1178 3421 repe-

17 3449 18 3486 3
148 3448 302 3514 titionem
327 3449 502 3514 eorundem
527 3449 702 3513 verborum
725 3467 790 3512 non
816 3447 954 3528 spernit,
979 3447 1064 3513 ooni.
1083 3453 1177 3530 247,6

148 3559 189 3621 οὐ
222 3557 419 3639 ὄιερριμένην
451 3555 521 3619 οὐδ’
545 3557 578 3619 έν
611 3557 763 3637 παρέργῳ
796 3557 988 3638 ποιήσασθαι
1021 3558 1076 3638 τὴν
1108 3558 1179 3638 περὶ

146 3667 254 3730 αὐτῶν
286 3666 416 3748 μνήμην
450 3669 486 3729 et
516 3683 619 3730 vuersu
652 3669 693 3728 30
728 3663 840 3746 ῥητέον
869 3664 904 3726 δέ
930 3687 956 3725 τι
1060 3664 1119 3726 οὐκ
1143 3665 1178 3727 ἐκ

147 3777 311 3857 παρέργου
336 3775 389 3836 καί
412 3774 625 3857 ὄιερριμένως.
658 3811 662 3818 ‹

99 3885 185 3967 Pag.
209 3887 327 3964 839,13
362 3890 415 3965 τῆς
447 3882 580 3964 θυρίδος
604 3882 812 3963 διαμενούσης
835 3882 906 3962 περὶ
929 3881 983 3952 τὰς
1007 3883 1177 3962 ουνωμίος,

149 3993 190 4058 δι’
220 3992 258 4077 ἧς
290 3994 452 4075 συνέβαινε
483 3992 653 4054 καθίεσθαι
685 3990 758 4059 τοὺς
790 3991 840 4053 eal
872 3990 928 4072 τὴν
961 3991 1115 4071 τιμωρίαν
1143 3991 1178 4054 P.

148 4102 228 4168 Cum
250 4101 323 4171 τοὺς
346 4101 395 4163 ἐπὶ
417 4102 474 4184 τὴν
496 4101 649 4182 τιμωρίαν
671 4098 753 4162 mire
778 4097 902 4162 dictum
927 4095 985 4176 sit,
1004 4103 1096 4176 'post
1123 4097 1179 4179 τὴν

146 4211 302 4294 τιμωρίαν
326 4207 450 4289 aliquid
477 4207 643 4273 excidisse
668 4206 814 4287 videtur,
847 4209 883 4269 ut
914 4205 1092 4286 ἀγομένους
1124 4206 1179 4271 vel

120 4317 257 4385 ‘simile
291 4315 396 4397 quid,v
415 4330 607 4395 quamquem
642 4312 802 4394 exemplis
835 4313 920 4377 hano
955 4312 1177 4378 coniecturam

117 4461 119 4468 v
147 4426 268 4492 fnlcire
292 4443 358 4490 non
381 4441 524 4506 possum.
