2854 4834
509 189 730 256 ...35-

138 387 172 450 in
195 389 472 472 ὑπογεγραμμένα
500 389 568 473 011,
600 389 760 456 Reiskius
794 391 1012 473 transpositis
1040 389 1154 458 verbis

137 497 183 558 ἔπει
205 498 360 579 πρότερον
384 497 576 564 coniecerat
602 497 682 584 (sed
705 499 863 580 Polybius
889 498 1088 581 scripsisset
1110 508 1156 582 τῷ

136 604 281 688 πρότερον
303 607 369 680 ἔτει,
393 612 431 673 ut
457 607 626 693 isuaia).

195 711 496 795 Schweighaeuser
518 720 630 781 autem
653 721 771 782 contra
794 715 930 782 aliorum
953 715 1156 796 interpreta-

136 817 237 884 tiones
263 824 363 902 atque
388 821 601 890 coniecturas
624 824 709 890 haec
733 830 858 890 monet:
886 823 1053 905 ‚‚fortasse
1072 823 1156 889 satis

135 925 244 994 fuerit:
270 929 458 995 sententias
482 930 538 995 vel
563 929 864 1012 condemnationes
890 950 973 1010 quas
988 930 1054 996 ianr
1077 935 1157 996 ante

136 1041 246 1102 contra
269 1036 345 1102 illos
369 1037 639 1120 perscripserant
654 1039 710 1104 vel
732 1039 1041 1121 consignaverant.“
1091 1037 1158 1104 Sub

136 1147 567 1229 οοο1ετ1ιιέπιγιγραμμένοι
585 1145 708 1214 eouieit
724 1145 1034 1228 Schweighaeuser.
1065 1144 1157 1228 Quae

136 1251 297 1334 scriptura
324 1272 406 1320 wera
443 1274 520 1322 esse
553 1254 633 1320 mihi
666 1255 800 1321 videtur
829 1255 1016 1322 conferenti
1043 1258 1157 1335 1146,5

135 1363 290 1446 ἐπεγράφη
317 1363 352 1426 δὲ
374 1365 428 1427 καὶ
450 1363 633 1446 Μιθριδάτῃ
652 1385 657 1396 ·
678 1385 707 1396 ··
732 1366 893 1446 τριακόσια
913 1366 1059 1438 τάλαντα,
1084 1365 1160 1428 διάει

133 1471 276 1554 παραβάς
308 1473 362 1542 τάς
393 1473 475 1554 πρὸς
501 1472 631 1556 Εὐμένη
656 1474 820 1556 σανδήκας
843 1475 1036 1556 ἐπολέμησεν
1055 1473 1158 1554 Ἄριο-

135 1580 227 1662 pitin
272 1577 399 1644 Eodem
425 1578 510 1645 enim
532 1580 628 1645 modo
647 1579 1166 1662 (1161101611κρίσινὲπιγράφεινγ

134 1688 193 1760 rivi,
217 1686 252 1750 id
276 1691 330 1751 est
353 1704 502 1766 poenam.
548 1687 588 1752 In
605 1689 788 1771 archetypo
810 1693 922 1754 autem
938 1686 1159 1754 pertetariae

136 1795 319 1877 scripturae
343 1797 393 1859 ἐπι
420 1795 526 1880 (quod
548 1797 695 1864 fortasse
717 1799 783 1864 iam
807 1800 841 1866 in
865 1800 1047 1882 archetypo
1070 1798 1104 1864 iu
1120 1799 1161 1862 ἐπ

135 1909 320 1984 corruptum
345 1902 437 1989 erat)
465 1909 500 1969 et
523 1907 586 1968 ὑπο
611 1905 758 1988 scriptae
784 1912 888 1973 eraut.

197 2013 250 2076 De
274 2012 324 2074 ε’πὶ
348 2017 383 2076 ο1
406 2013 447 2074 ἔτι
468 2031 571 2094 saepe
588 2013 736 2082 confusis
755 2014 839 2080 conf.
858 2019 976 2096 1107,4
991 2016 1161 2096 ἐπιγένοιτο

131 2120 221 2186 NOU
244 2139 304 2201 pru
335 2123 385 2212 ἔτη
400 2122 526 2201 γένοιτο.
575 2125 714 2204 114112
744 2125 847 2186 οὐκέτι
871 2124 905 2187 Μ
928 2141 988 2204 pro
1020 2124 1080 2186 οὐκ
1104 2123 1161 2185 ἐπὶ.

135 2233 269 2309 lasau]
300 2229 544 2311 ἕπιφαινομένης
567 2228 626 2293 OU
648 2248 708 2310 pru
733 2232 774 2293 ἔτι
798 2233 999 2312 φαινομένης.

89 2339 168 2420 Pag.
194 2341 335 2417 naulo
359 2336 441 2418 πρὸς
463 2337 582 2408 πάντας
604 2345 723 2421 κρῆτας
745 2340 788 2408 είς
811 2335 848 2419 O,
870 2345 988 2421 κρῆτας
1010 2335 1162 2419 Ursinus7

133 2445 297 2528 Κρηταιεῖς
325 2448 419 2510 recte
449 2443 762 2528 Schweighaeuser,
799 2443 883 2511 conf.
914 2449 1053 2527 1295,18
1082 2445 1163 2528 πρὸς

131 2555 305 2636 Κρηταιεῖς.

200 2659 331 2726 Codicis
365 2661 586 2728 Monacensis
615 2661 782 2743 scriptura
815 2680 857 2727 ex
889 2662 952 2727 hae
986 2660 1163 2743 archetypi

134 2813 465 2906 άὶ11ορεορ11ἱοοε1ο
490 2843 567 2889 essa
591 2769 924 2906 νὶάο1αειλρρλττααςιεῖς.

89 2930 171 3014 Pag.
200 2936 336 3012 latiur
373 2933 439 3015 ἅμα
471 2933 531 3016 μὲν
562 2939 617 2996 τοῦ
646 2933 790 3016 πλήθους
818 2933 860 3002 εἰς
883 2933 1038 2995 ἐπίστασιν
1060 2955 1163 3014 παρο-

133 3041 308 3121 γενομένοο
334 3040 440 3122 διατὴν
463 3041 543 3123 ὑπερ
566 3047 620 3122 τῆς
644 3039 742 3103 εἰστὸν
766 3040 943 3123 σωσικράτη
963 3040 1163 3122 παρανομίας

132 3147 170 3229 Ρ,
196 3145 459 3228 (lithographiam
483 3147 622 3230 agnovit
643 3145 816 3228 Reiskius‚
841 3145 988 3211 correxit
1003 3145 1166 3212 Beuseler

134 3255 187 3317 διὰ
212 3254 268 3337 τὴν
293 3257 334 3324 εἰς
357 3255 411 3318 τὸν
434 3255 624 3338 Σωσικράτη
649 3255 859 3338 παρανομίαν.

205 3363 317 3442 Atque
351 3363 394 3431 εἰς
426 3363 581 3427 ε’πίστασιν
604 3364 864 3445 παραγενομένου
894 3366 956 3427 cet.
982 3359 1163 3444 Significat:

132 3469 292 3552 populum
316 3469 501 3536 inhibuisse
527 3469 712 3536 saevitiam.
759 3469 943 3535 Alibrario
968 3472 1087 3550 autem,
1111 3467 1165 3548 qui

134 3576 365 3643 coniecturam
390 3578 469 3660 ὑπὲρ
492 3585 546 3662 τῆς
568 3578 602 3644 in
626 3579 808 3659 archetypo
826 3575 1019 3658 adscripsit,
1044 3578 1165 3639 ἐπίστα-

128 3714 181 3760 σις
216 3685 282 3752 alio
317 3705 418 3751 seusu
451 3685 658 3751 intellectum
693 3705 768 3752 esse
802 3685 944 3768 videtur,
980 3684 1065 3750 conf.
1089 3703 1165 3765 pag.

131 3801 255 3878 1359‚1
281 3795 337 3878 τὴν
360 3795 439 3876 ὑπὲρ
463 3801 527 3857 τῶν
552 3795 635 3857 ὅλων
659 3796 813 3857 ἐπίστασιν
835 3793 888 3857 καὶ
918 3794 1078 3876 διάληψιν,
1110 3790 1166 3857 ubi

127 3907 291 3973 ἐπίστασις
317 3919 427 3968 curaui
451 3901 503 3967 vei
531 3900 787 3966 sollicitudinem
813 3899 987 3983 significat.

204 4011 278 4095 Qua
301 4009 437 4076 notione
464 4008 529 4074 etsi
553 4028 717 4090 persaepe
742 4013 921 4090 usurpatur
943 4008 1006 4072 hoo
1024 4007 1167 4072 vocabu·

125 4121 348 4204 lurn‚tan1en
376 4118 536 4183 hocloco
562 4119 702 4182 alteram
726 4115 1039 4198 interpretationem
1064 4113 1167 4194 scrip-

126 4235 325 4308 turamque.
346 4245 460 4293 veram
494 4245 571 4291 esse
603 4223 676 4308 ipso
710 4224 803 4290 hiatu
827 4224 1082 4303 demonstratur,
1114 4219 1169 4302 qui

126 4342 302 4417 oreretur,
328 4334 356 4400 si
381 4335 462 4416 ὑπὲρ
485 4341 539 4416 τῆς
565 4333 796 4398 scriberemus.

953 4494 991 4562 3*
