2854 4834
663 189 878 252 ..56-

279 382 358 448 ιιατά
382 383 437 464 τὴν
461 384 541 448 ἰδίαν
552 429 553 432 ¹
563 385 622 466 μέν
645 386 746 466 κρίσιν
767 391 802 451 et
817 388 858 450 ἔτι
875 387 909 452 δὲ
924 387 1044 470 μᾶλλον
1059 371 1302 468 πυνθανόμενος.

279 489 491 571 (1011119526
511 494 536 564 ,ἃ
561 493 599 576 δὴ
624 494 691 558 τότε
709 496 871 578 συνέβαινε
886 496 939 558 καὶ
954 496 1025 577 περὶ
1040 495 1099 578 μὲν
1114 495 1149 559 τδ
1165 497 1303 579 σύστημα
1421 473 1422 567 i

279 603 343 661 τῶν
365 599 590 682 μισθοφόρων,
615 603 663 665 ἔτι1
673 602 708 669 δὲ
720 603 842 684 μᾶλλον
858 603 929 684 περὶ
944 603 1016 674 τούς
1032 604 1189 686 ἡγεμόνας
1205 605 1304 674 αὐτῶν

279 707 437 788 ὑπάρχειν.
467 704 647 784 ‚Similiter
673 714 777 790 712,9,
803 715 933 790 716,24,
958 715 1091 790 806,7..
1161 737 1163 744 ⁴

345 814 397 880 De
421 814 502 896 πρὸς
525 821 588 879 πᾶν
612 817 697 884 conf.
722 823 796 899 931,
799 823 850 883 29
865 819 1049 900 δυσκίνητος
1072 818 1111 902 ίγν
1134 819 1216 901 πρὸς
1238 826 1305 884 πᾶν.

281 928 376 1005 1222,
379 927 419 988 25
445 924 562 1005 έτωμοι
584 925 666 1006 πρὸς
688 931 752 990 πᾶν
775 925 863 1009 ἦσαν.

233 1031 314 1112 Pag.
340 1035 413 1112 942,
417 1036 457 1096 23
484 1032 633 1115 δῆλονδ
657 1035 719 1097 ἐστι
741 1033 777 1098 τὸ
800 1034 969 1117 λεγόμενον
993 1035 1027 1098 ἐκ
1052 1039 1116 1098 τῶν
1133 989 1307 1100 ἐνεστώτων

279 1137 315 1203 Ρ.
362 1139 599 1222 Corrigendum
628 1160 704 1208 esse
728 1140 822 1208 videt
808 1147 862 1210 tur
891 1143 1070 1210 seeundum
1102 1147 1307 1215 constantem

278 1245 412 1328 Polybii
434 1266 528 1314 usum
552 1249 648 1330 δῆλον
672 1249 700 1312 δ’
724 1252 820 1324 ἔσται,
856 1250 941 1316 euni.
973 1255 1065 1333 713st
1100 1250 1145 1314 ὅτι
1173 1251 1209 1316 δέ
1231 1252 1308 1316 ἐστιν

279 1355 361 1436 ύγιές
384 1354 419 1418 τὸ
443 1356 510 1420 νυνὶ
533 1356 703 1438 λεγόμενον
727 1377 796 1430 ·’·,
830 1359 926 1442 δῆλον
960 1360 1044 1422 ἔσται
1080 1359 1163 1440 (ἔστι
1186 1357 1229 1441 P)
1260 1359 1308 1422 διὰ

277 1469 331 1545 τῆς
346 1464 500 1546 ἡμετέρας
516 1464 703 1547 ἐξηγήσεως.
744 1470 862 1548 979,12
879 1467 914 1540 ἐξ
928 1467 1035 1530 αὐτῶν
1051 1471 1114 1530 τῶν
1131 1467 1307 1532 ἐνεστώτων

242 1637 245 1642 ,
278 1571 399 1652 ῥᾳδίως
422 1572 505 1634 ἔσται
527 1571 563 1634 τὸ
586 1571 756 1654 λεγόμενον
780 1579 950 1636 κατανοεῖν.
1001 1577 1140 1654 136323
1165 1579 1257 1638 τοῦτο
1281 1574 1308 1638 δ’

278 1679 361 1742 ἔσται
386 1678 482 1762 δῆλον
506 1680 540 1752 ἐξ
563 1680 756 1744 αὐτῶντῶν
780 1681 966 1746 ἐνεστώτων.
1170 1737 1172 1744 .

234 1786 525 1868 Pag.1114,101
556 1787 615 1870 μέν
644 1787 704 1869 γὰρ
727 1789 798 1870 περὶ
821 1789 950 1852 λύσιν”
930 1813 1059 1872 ηκοντες
1082 1813 1145 1854 των
1169 1791 1311 1872 ἀρχαίων

279 1896 434 1979 φυγάδων
467 1897 658 1979 ἐπρέσβευον
686 1895 753 1962 OU.
805 1896 870 1964 Pro
896 1898 982 1962 λύσιν
1006 1917 1122 1964 nomen
1145 1896 1311 1980 proprium

279 2003 378 2068 Λῦσιν
403 2008 496 2070 reete
522 2003 729 2085 seripserunt
754 2004 912 2070 editores.
959 2004 1026 2072 Sed
1051 2003 1222 2090 genitivus
1248 2012 1312 2070 τῶν

281 2114 424 2196 ἀρχαίων
457 2113 621 2195 φυγάδων,
657 2112 710 2192 qui
745 2131 787 2178 ex
819 2113 906 2176 λύσιν
940 2114 1089 2202 pendere
1125 2112 1312 2195 videbatur,

281 2220 420 2288 tolerari
443 2240 508 2286 non
531 2224 659 2303 potest,
694 2220 723 2286 si
755 2240 872 2286 nomen
900 2219 1067 2302 proprium
1094 2221 1312 2287 restituimus.

281 2327 352 2411 Qua
385 2328 426 2395 de
464 2347 565 2394 causa
599 2326 807 2395 scribendum
842 2347 917 2394 esse
953 2347 1073 2396 censeo
1108 2330 1138 2391 οί
1164 2328 1224 2411 μὲν
1252 2329 1314 2412 γὰρ

282 2437 353 2518 περὶ
376 2437 476 2501 Λῦσιν
499 2438 628 2519 ἥκοντες
654 2434 758 2520 (quae
775 2436 879 2502 verba
896 2434 1039 2502 subiecti
1055 2437 1161 2503 lotum
1178 2435 1313 2522 tenent)

282 2544 362 2628 ὑπὲρ
400 2549 464 2608 τῶν
502 2545 645 2627 ἀρχαίων
683 2544 838 2626 φυγάδων
877 2545 1068 2626 ἐπρέσβευον
1108 2543 1214 2630 (quod
1248 2543 1315 2610 iam

281 2653 442 2719 Reiskius
469 2651 658 2734 suspicatus
684 2645 789 2738 erat).

350 2759 440 2826 Colli.
464 2779 494 2826 v.
520 2767 539 2826 6
563 2759 731 2843 Σήριππος
765 2751 792 2823 δί
818 2761 986 2844 ἐπρέσβευε
1017 2761 1088 2844 περὶ
1120 2767 1175 2825 τοῦ
1208 2763 1317 2842 μένειν

251 2881 253 2886 ’
280 2869 335 2952 τὴν
359 2869 570 2950 ὑποκειμένην
593 2869 786 2931 κατάστασιν.
829 2871 967 2948 1119,10
987 2866 1067 2951 ἧκον
1084 2869 1118 2932 δὲ
1135 2868 1319 2932 καλῗΡόδισι

281 2977 507 3060 πρεσβεύοντες
529 2975 609 3058 ὑπὲρ
632 2982 686 3058 τῆς
709 2975 887 3040 Σινωπέων
911 2977 1045 3058 ἀτυχίας.

236 3084 319 3166 Pag.
347 3089 463 3162 neta
487 3083 543 3166 τὴν
565 3084 624 3165 μὲν
648 3083 705 3146 οὗν
728 3085 826 3147 αἰτίαν
849 3089 914 3148 τῶν
936 3075 1186 3167 συμβεβηκότων
1202 3088 1321 3157 πάντες

281 3193 396 3274 ἔφερον
429 3191 479 3254 ἐπὶ
511 3190 583 3261 τοὺς
615 3192 685 3272 περὶ
717 3191 854 3254 Εύλαῖσν
883 3190 950 3272 OU,
983 3193 1140 3274 ἀνέφερον
1164 3191 1321 3274 1113111119,

281 3300 437 3381 ἐπέφερον
471 3296 641 3380 corrigere
675 3299 748 3364 vult
781 3298 988 3365 Hultsehiue
1035 3299 1146 3379 Atque
1176 3306 1321 3382 1187,16

282 3406 423 3489 legimus
455 3407 508 3470 καὶ
542 3406 654 3489 μηδενὶ
686 3406 741 3488 τὴν
769 3408 867 3470 αἰτίαν
894 3408 1058 3489 ἐπιφέρειν.
1106 3404 1173 3472 Sed
1198 3407 1321 3473 eadem

282 3514 406 3598 pagina
429 3532 459 3578 v.
485 3519 524 3578 21
551 3513 606 3596 τὴν
630 3514 728 3577 αἰτίαν
751 3514 800 3578 ἐπὶ
823 3514 877 3580 τὸν
892 3517 1047 3580 σπάδωνα
1063 3516 1117 3579 καλ
1132 3516 1188 3598 τὴν
1203 3519 1323 3581 τούτου

282 3622 473 3704 συντροφίαν
505 3620 669 3704 ἀναφέροι.
717 3621 855 3705 Semper
883 3627 994 3688 autem
1022 3625 1179 3706 ἐπιφέρειν
1202 3627 1262 3688 τινί
1284 3649 1323 3698 τι,

283 3731 344 3798 sed
378 3731 547 3812 ἀναφέρειν
580 3754 606 3793 τι
640 3731 692 3792 ἐπί
723 3731 778 3796 vel
813 3732 855 3801 εἰς
887 3755 953 3794 τινα
988 3730 1148 3812 Polybius
1187 3729 1324 3797 dixisse
1371 3815 1374 3822 Ι

281 3837 424 3904 videtur.
481 3835 572 3903 Gonf.
610 3841 727 3919 13324
763 3838 813 3900 διὰ
848 3837 883 3900 τὸ
918 3838 1045 3907 πολλοῖς
1079 3837 1138 3920 μὲν
1262 3837 1324 3908 τὰς

281 3948 425 4028 μεγίστας
449 3946 667 4027 ἐπενηνοχέναι
692 3943 869 4026 συμφορὰς.
919 3950 1033 4023 191111
1063 3953 1117 4028 τῆς
1140 3946 1325 4028 ἐπενεχθεί.

282 4079 339 4138 σης
371 4055 476 4123 αὐτοῖς
509 4054 664 4137 διαβολῆς.
722 4057 816 4133 2751)
851 4054 945 4117 δειλία
1058 4055 1163 4122 αὐτοῖς
1196 4043 1328 4122 ὄνειδος

282 4164 422 4246 ἐπιφέρει
444 4168 509 4232 τοῖς
532 4164 646 4245 ἔχουσι.

351 4274 470 4349 38629
493 4270 529 4332 τὸ
552 4270 611 4352 μλν
634 4271 776 4334 πλεῖστον
798 4277 852 4353 τῆς
876 4271 973 4341 αἰτίας
997 4271 1046 4334 ἐπὶ
1069 4269 1123 4334 τδν
1143 4269 1327 4354 στρατηγὸν

283 4380 321 4442 ἄν
345 4402 388 4450 τις
414 4379 576 4459 ἀναφέροι.
