2906 4834
567 197 785 256 ..39-

180 393 223 458 ad
255 393 337 475 πρὸς
369 393 423 463 τὰς
445 393 553 457 latere
578 391 725 470 videtum
761 390 820 455 sed
855 388 884 454 si
919 385 1049 468 quidem
1082 387 1124 455 εἰς
1156 385 1210 455 τὰς

180 499 214 564 in
232 504 391 566 contextu
407 499 583 581 archetypi
601 497 760 579 scriptum
776 501 863 579 erat,
888 501 982 562 certe
998 495 1117 560 falsum
1136 496 1210 558 erat

182 607 341 692 (propter
364 607 520 693 hiatum).

135 717 217 800 Pag.
244 721 360 797 loeas
383 717 522 799 μεγάλης
550 715 578 780 δ’
603 717 700 798 οὔσης
732 721 787 796 τῆς
818 713 1020 795 παραλλαγῆς
1053 711 1124 790 περὶ
1156 709 1211 780 τὰς

179 826 340 905 ἑκατέρων
355 825 541 907 ὑπολήψειςε
564 824 700 906 μεγάλας
717 824 807 896 ὃουξ,
824 823 965 904 σπουδῆς
980 828 1035 904 τῆς
1049 820 1209 901 παραλλα-

180 940 237 1015 γῆς
256 932 293 997 Ο.
317 931 460 998 Videtur
471 933 506 997 in
519 933 702 1013 archetypo
714 933 811 1013 οὔσης
823 930 857 996 in
871 932 1012 1012 σπουδῆς
1022 933 1210 1010 corruptum

179 1045 280 1120 atque
306 1039 333 1104 δ’
359 1041 417 1104 odo
442 1038 670 1120 superscripto
695 1039 724 1101 δ’
749 1040 846 1122 οὔσης
871 1041 1057 1104 correctum
1081 1055 1166 1106 esse.

133 1151 216 1231 Pag.
244 1153 360 1229 latta
384 1147 457 1220 τοὺς
481 1148 516 1211 δὲ
538 1147 575 1210 τὰ
591 1146 760 1230 Ῥωμαίων
783 1149 1005 1230 αἱρουμένουςε
1028 1151 1092 1215 τοῖς
1115 1143 1208 1208 δὲτὰ

179 1259 222 1328 εἰς
245 1258 402 1339 ῥωμαίωγ
425 1253 461 1320 0.
508 1255 551 1325 εἰς
580 1260 686 1320 ortum
720 1274 797 1320 esse
830 1258 946 1338 potest
981 1273 1021 1320 ex
1056 1259 1209 1320 correcta

605 1361 657 1408 ους

179 1419 355 1501 archetypi
379 1418 570 1499 corruptela
593 1441 663 1487 τοις.

200 1993 376 2075 Plerisque
409 1993 507 2076 louis,
544 2014 625 2076 quos
661 1995 894 2077 tractavimus,
928 1995 978 2062 ita
1012 2001 1106 2060 ortae
1132 2006 1209 2062 suut

133 2101 310 2184 archetypi
333 2101 449 2168 variae
475 2102 676 2186 scripturae,
708 2107 746 2167 ut
774 2102 816 2167 ad
844 2103 948 2168 verba
972 2109 1127 2185 corrupta
1152 2109 1210 2170 aut

132 2229 198 2276 non
222 2214 317 2276 reete
342 2209 528 2292 intellecta,
552 2209 618 2275 alia
639 2209 919 2276 adscriberentur.
967 2210 1109 2294 Quorum
1132 2231 1207 2294 per-

133 2319 238 2385 multa
252 2317 372 2398 fuisse,
398 2335 481 2397 quae
502 2317 588 2383 falso
607 2317 761 2384 coniecta
776 2338 842 2384 non
859 2337 900 2384 ex
916 2319 1051 2400 antiquo
1069 2321 1207 2402 quodam

132 2427 226 2492 sonte
243 2425 397 2507 fluerent,
423 2445 464 2492 ex
489 2425 553 2507 eis,
578 2445 661 2506 quae
678 2426 793 2508 attuli,
818 2428 939 2492 elucet.
987 2425 1102 2507 Neque
1126 2448 1206 2494 vero

132 2533 282 2600 omnibus
294 2533 379 2599 locis
397 2533 536 2599 eundem
552 2533 585 2598 in
601 2534 728 2599 niodum
746 2532 978 2617 corrigebatur
995 2536 1207 2620 archetypus,

132 2643 192 2709 sed
231 2661 315 2722 quae
351 2642 414 2708 hoc
447 2643 520 2708 loco
556 2642 825 2725 corrigebantur,
859 2641 916 2708 illu
952 2644 1025 2710 loco
1060 2637 1208 2711 fortasse

131 2752 262 2818 intacta
274 2756 514 2818 remanserunt.
544 2751 661 2815 'Potum
678 2749 782 2832 igitur
799 2749 1014 2831 archetypum
1030 2752 1207 2818 secundum

131 2859 217 2925 alius
236 2859 405 2925 cuiusdam
423 2857 548 2924 codicis
566 2857 693 2938 antiqui
712 2858 881 2940 exemplar
898 2863 1082 2924 correctum
1099 2858 1205 2924 fuisse

130 2967 319 3050 negandum
344 2970 406 3032 est.

199 3071 286 3139 Aliis
315 3078 425 3139 autem
453 3074 537 3139 locis
565 3093 630 3140 non
661 3093 702 3139 ex
725 3072 854 3139 librarii
880 3073 1048 3140 cuiusdam
1071 3073 1205 3158 ingenio

131 3180 299 3246 fluxerunt
323 3181 581 3248 emendationes

198 3290 311 3369 Neque
336 3309 416 3355 vero
442 3289 515 3356 veri
532 3289 638 3356 simile
656 3295 709 3356 est
725 3309 847 3372 cinnae,
864 3309 945 3370 quas
963 3289 1070 3371 attuli,
1088 3290 1202 3356 arche-

131 3397 204 3479 typi
232 3396 344 3462 varias
379 3397 564 3478 scripturus
598 3397 641 3464 ad
674 3397 811 3464 eandem
846 3417 974 3464 manum
1009 3397 1206 3463 referendas

133 3524 224 3587 esse,
248 3525 320 3572 oum
344 3511 412 3572 tam
430 3505 570 3572 diversa
595 3526 720 3588 genera
744 3506 890 3572 discerni
913 3505 1055 3588 possint.

199 3614 264 3680 Sed
289 3614 372 3682 nihil
397 3615 482 3682 certi
506 3615 547 3680 de
572 3616 634 3682 hac
658 3633 695 3680 re
720 3615 787 3682 dici
809 3621 932 3697 potest.
