2906 4834
570 221 790 282 ...13-

138 414 224 497 Pag.
240 419 338 488 43],4
347 422 463 499 σαφῶς
479 417 513 482 δὲ
529 417 741 498 γινώσκοντας
751 415 825 481 δδό’
841 417 1007 489 Φίλιπποςε
1024 415 1078 480 ὁδ’
1092 419 1110 481 ὁ
1122 414 1217 502 P(O),

186 523 239 588 ὁδ’
257 524 336 607 <iet
357 548 373 585 τ
397 524 468 590 ead.
484 543 568 589 man.
593 543 740 604 supersc.
764 524 805 605 A,
828 524 906 588 ὅθεν
928 549 959 588 τε
982 527 1001 589 ὁ
1024 526 1063 591 F.

414 632 424 665 ι

138 685 366 768 Pag.4ca,15
392 687 564 768 γενομένης
586 685 616 750 Α
643 684 671 770 (ι
696 704 844 766 supersc.
870 685 940 751 cad.
963 685 1022 769 m.)

137 793 223 875 Pag.
246 796 365 873 452,1c
389 793 658 875 προπεριλαβόντα
682 797 776 858 recte
801 793 926 858 Nabar:
950 792 1030 858 item
1047 795 1091 874 A,
1116 793 1218 859 sedo

187 918 335 980 superse.
360 899 431 964 ead.
454 918 503 980 m,
527 899 817 982 πρὸσπεριλαβόντα
841 899 911 964 FR.

139 1007 223 1090 Peg.
249 1012 341 1089 501,1
367 1007 530 1089 πεσβέόιον
559 1007 634 1072 eti
663 1026 763 1089 super
792 1008 810 1070 ὁ
839 1007 910 1073 ead.
933 1026 973 1071 m.
998 1027 1043 1073 sc.
1068 1009 1112 1090 A,
1138 1008 1219 1075 item

185 1134 287 1181 versu
314 1121 368 1198 10,
393 1115 454 1180 sed
478 1120 594 1196 500,27
620 1117 783 1198 κεσβέδιον
806 1115 850 1197 A,
873 1117 1032 1198 κεσβέλιον
1054 1117 1110 1182 BA

137 1223 223 1306 Pag.
248 1227 365 1304 511,15
392 1225 508 1287 οἰκειαν
533 1228 568 1288 et
591 1248 600 1286 ι
625 1223 696 1288 ead.
719 1241 759 1287 m.
784 1241 932 1304 superse.
956 1223 996 1287 A.

209 1473 367 1540 Omnibus
400 1473 452 1540 his
485 1472 569 1540 locis
603 1492 686 1554 quae
721 1493 762 1538 ex
790 1474 974 1556 archetypo
1003 1475 1160 1544 fluxerint
1184 1486 1219 1545 et

139 1601 228 1663 quae
261 1602 281 1648 a
313 1566 470 1648 Vaticani
503 1582 533 1646 A
568 1581 679 1646 scriba
707 1581 823 1646 addita
851 1580 932 1664 sint,
967 1588 1059 1648 certe
1089 1584 1219 1651 definiri

137 1689 271 1772 nequit,
304 1689 364 1755 sed
388 1689 518 1755 cumin
542 1689 726 1770 archetypo
749 1689 871 1753 multas
895 1689 1007 1754 varias
1034 1690 1219 1773 scripturas

138 1797 249 1863 fuisse
274 1801 421 1879 constet,
455 1798 497 1862 ad
528 1797 620 1862 illum
652 1796 808 1862 nonnulla
836 1795 1015 1862 referenda
1044 1818 1120 1864 esse
1145 1801 1219 1866 veri

140 1905 250 1971 simile
276 1910 338 1971 est.

210 2137 303 2203 Idem
315 2137 382 2203 dici
394 2142 510 2219 petest
522 2137 563 2202 de
578 2137 627 2204 eis
639 2137 739 2220 locis,
754 2138 871 2218 quibus
884 2138 919 2203 in
931 2139 1079 2220 margine
1094 2139 1220 2206 codicis

139 2248 173 2311 A
192 2245 420 2311 correctiones
436 2245 648 2312 inveniuntur
674 2244 777 2330 (quas
794 2247 952 2312 Vaticani
974 2245 1117 2312 scribam
1136 2266 1220 2333 mar·

140 2352 213 2436 gini
239 2351 462 2433 adscripsisse
488 2352 678 2434 suspicatur
701 2353 874 2418 chstius
899 2373 974 2435 pag.
998 2353 1062 2437 V):

139 2461 225 2542 Pag.
250 2465 323 2541 3,13
349 2462 382 2523 έν
406 2461 440 2524 δὲ
463 2467 529 2532 τοῖς
551 2461 631 2525 κατὰ
654 2462 710 2544 τὴν
730 2461 859 2526 Ἰταλίαν
882 2463 936 2525 καὶ
958 2461 1083 2544 Λιβύην
1097 2463 1219 2534 τόποιςε

187 2568 241 2630 καὶ
263 2568 373 2650 λιβύην
397 2567 503 2648 AMR,
525 2569 579 2631 καὶ
601 2569 657 2650 τὴν
680 2569 790 2651 λιβύην
813 2565 862 2632 A¹
887 2569 921 2634 in
944 2587 1047 2650 marg.
1071 2568 1109 2635 Β.

189 2673 281 2739 Ocnf.
313 2677 366 2754 4‚3
403 2675 640 2757 συμπλέκεσδαί
665 2700 697 2738 τε
725 2675 782 2746 τὰς
801 2676 952 2747 Ἰταλικάς
984 2677 1038 2739 καὶ
1074 2677 1221 2758 Λιβυκὰς

188 2784 325 2864 πράξεις.
374 2787 469 2864 9Ο,12
497 2783 555 2855 τὰς
587 2784 673 2866 παρὰ
706 2790 771 2848 τῶν
803 2783 971 2866 Νομάδων
1003 2785 1056 2847 καὶ
1088 2785 1222 2866 Λιβύων

188 2891 350 2974 βοηθείας.

139 2999 226 3080 Pag.
252 3004 323 3080 63,7
358 2999 451 3062 οὐδὲν
483 2998 649 3062 ἀπέλειπον
683 2999 851 3081 (ἀπέλιπον
874 2998 949 3079 DE,
985 2999 1150 3062 ἀπέλειπον
1186 3004 1222 3064 et

190 3106 341 3169 ἀπέλιπον
369 3105 393 3171 C
416 3124 477 3187 per
501 3104 656 3191 dittogr.)
681 3112 745 3169 τῶν
768 3107 984 3189 ἐνδεχομένων
1008 3105 1073 3169 ἀλλ’
1103 3107 1221 3188 εἴχοντο

189 3220 254 3276 τῶν
270 3215 345 3296 ἑξῆς
355 3216 552 3296 πραγμάτων
565 3212 658 3295 A¹R‚
676 3215 804 3297 ἔσχοντο
817 3211 866 3277 A¹
877 3213 912 3278 in
924 3233 1027 3296 marg.
1040 3233 1105 3279 nen
1117 3218 1221 3278 recte.

141 3324 227 3412 Pag.
254 3325 369 3403 14c,21
395 3323 509 3386 ἅπασιν
533 3323 604 3403 AR,
628 3346 648 3384 α
673 3341 732 3403 pro
756 3347 766 3384 ι
791 3321 927 3402 antiqua
942 3341 1056 3387 manus
1073 3321 1221 3402 adscrip·

192 3429 238 3494 sit
260 3428 402 3511 margini
427 3428 466 3510 A,
489 3428 595 3495 voluit
619 3427 723 3511 igitur
747 3431 880 3492 ἅπασαν.

141 3537 228 3620 Pag.
255 3541 370 3618 184‚12
404 3543 441 3619 τῇ
473 3541 537 3599 τῶν
570 3538 789 3618 κεχειρικότων
820 3537 857 3598 τὰ
886 3537 950 3619 πρὸ
977 3544 1032 3600 τοῦ
1059 3538 1221 3600 δυναστῶν

190 3650 406 3727 καταστροφῇε
432 3644 594 3707 δυναστῶν
612 3650 647 3709 et
662 3644 695 3710 in
712 3663 814 3726 marg.
831 3651 940 3709 στειῶν
956 3643 1014 3724 A¹,
1034 3645 1222 3707 δυναστειῶν

190 3753 230 3818 R.
275 3750 434 3817 Vaticani
462 3750 606 3816 scribam
635 3752 795 3817 hocloco
820 3753 1009 3815 δυναστειῶν
1033 3749 1221 3816 coniecisse

192 3859 266 3926 veri
290 3857 395 3924 simile
419 3877 485 3922 σου
509 3863 576 3940 est,
606 3877 678 3923 cum
706 3859 804 3940 plane
828 3857 917 3924 falsa
942 3858 987 3923 sit
1010 3859 1094 3924 haec
1118 3857 1222 3938 scrip·

191 3972 276 4032 tura.
321 3967 422 4031 Immo
447 3965 512 4032 iarn
535 3965 569 4031 in
595 3967 777 4048 archetypo
794 3966 909 4032 variae
926 3966 1091 4032 lectiones
1116 3964 1222 4031 fuisse

191 4074 356 4155 videntur,
382 4093 516 4154 quarum
541 4075 648 4140 altera
673 4075 860 4138 δυναστειῶν
885 4079 1043 4156 corrupta
1068 4077 1150 4139 erat.

143 4184 229 4266 Pag.
255 4187 371 4263 253,20
396 4182 460 4245 δεῖν
484 4182 544 4263 γὰρ
568 4185 587 4264 ἢ
612 4188 701 4246 νικᾶν
728 4185 747 4263 ἢ
776 4184 925 4265 θνήσκειν
957 4185 976 4264 ἢ
1004 4187 1068 4251 τοῖς
1093 4180 1223 4263 ἐχθροῖς

191 4290 393 4371 ὑποχειρίους
409 4291 553 4371 γενέσθαι
570 4292 704 4363 ζῶντας,
729 4289 804 4352 εῖναι
821 4289 849 4353 δ’
868 4295 938 4355 cet:
962 4289 1106 4370 γενέσθαι
1123 4286 1171 4351 Α1
1189 4286 1223 4351 in

191 4414 295 4478 marg.
308 4394 393 4477 F⁸R,
406 4397 482 4461 εἶναι
495 4396 542 4462 Αι
555 4396 589 4461 in
604 4401 764 4462 contextu
779 4397 898 4479 (ortum
912 4417 952 4462 ex
966 4394 1115 4478 proximo
1125 4394 1223 4476 εἶναι).
