2906 4834
543 229 764 294 ..31ω

160 425 363 500 ἐξαπέστειλας
388 431 532 514 σερούϊον
555 429 653 502 FNS.
678 435 826 499 correxit
841 429 1030 501 Gronovius
1046 431 1189 515 Σέργισν.

159 535 293 619 Βαίβιον
326 537 470 604 coniecit
499 539 800 622 Schweighaeuser
832 548 969 609 auctore
994 543 1188 608 casaubono

160 661 220 722 pro
250 645 363 709 οείτιον
391 645 497 728 FDG,
530 649 624 710 σιτίον
651 649 695 730 Ν,
728 649 857 714 Σέντιον
880 650 1023 716 Gronov.
1070 675 1190 734 φαμιον

161 749 254 834 (siue
279 754 368 837 acc.)
393 753 431 818 N.

228 857 321 940 Quae
330 860 573 927 nominaiarnirr
584 863 1018 946 archetypc'ecrruptacsse
1027 866 1190 934 videntur.

228 966 296 1031 Sed
329 970 438 1032 σείτιον
472 987 514 1034 cx
548 971 679 1053 Βαίβιον
711 977 817 1038 crtum
848 993 923 1038 esse
949 973 1005 1039 vix
1030 975 1190 1040 credibile

125 1129 127 1136 .
160 1080 228 1157 cst,
260 1075 355 1141 immo
387 1079 496 1141 οείτιον
520 1097 561 1143 ex
585 1081 709 1162 οέρμον
733 1087 921 1162 ceruuptum
946 1099 1023 1146 esse
1047 1082 1190 1148 videtur.

159 1183 225 1248 Pro
246 1187 374 1266 ’σέργιον
399 1185 540 1252 enimin
566 1189 747 1269 archetype
772 1185 1060 1270 duae'scripturae
1085 1189 1190 1256 ihisse

159 1289 317 1356 videntur
340 1291 373 1371 (τ
398 1295 433 1357 et
457 1317 474 1374 γ
499 1311 600 1375 saepe
626 1295 765 1360 confusa
790 1299 896 1378 sunt),
926 1315 1057 1376 qrraruur
1084 1297 1191 1364 altera

158 1397 192 1463 in
218 1399 355 1464 secundi
384 1401 524 1467 nominis
552 1403 658 1467 locum
687 1407 807 1484 postca
831 1401 982 1485 irrepsit,
1007 1401 1035 1469 si
1061 1405 1189 1471 omuino

159 1505 227 1571 trie
250 1507 381 1572 tremine
406 1509 582 1576 scribenda
607 1515 690 1575 sunt.

227 1613 318 1678 Ocni.
343 1621 475 1698 88⁹,22,
507 1617 561 1682 ubi
585 1619 731 1684 Baebius
757 1619 885 1700 quidam
912 1625 1190 1686 commemoratur.

112 1722 197 1804 Pag.
225 1727 339 1805 local
375 1726 428 1788 καὶ
459 1724 495 1789 τὸ
521 1726 580 1808 μὲν
602 1727 689 1808 παρὰ
713 1735 776 1798 τοῖς
799 1728 901 1797 ἄλλοις
925 1729 1092 1810 διαχωρεῖν
1115 1731 1192 1799 ἴσως

159 1833 199 1894 ού
232 1833 432 1915 θαυμαστὸν,
466 1833 502 1896 τὸ
535 1835 569 1897 δὲ
601 1835 676 1916 παρ’
711 1837 757 1905 οἷς
789 1837 808 1918 ἡ
841 1835 925 1918 πηγὴ
962 1843 1016 1918 τῆς
1048 1839 1192 1919 τοιαύτης

156 1941 291 2022 ὑπάρχει
314 1944 625 2026 κακοπραγμοσύνης
647 1943 715 2024 FS,
748 1945 929 2027 θαυμάσιον
964 1944 1095 2025 Sbide&
1130 1946 1190 2011 sed

160 2047 315 2114 servavit
350 2047 451 2132 idem,
484 2055 521 2114 ut
554 2049 753 2116 Hultschius
790 2052 942 2133 adnutat,
976 2051 1190 2134 Pciybiauarn

159 2153 358 2236 scripturam
382 2159 577 2240 θαυμαστὸν,
608 2177 692 2238 quae
722 2165 800 2240 pust
823 2161 1134 2243 κακοπραγμοσύνης
1157 2161 1189 2224 irr
1251 2195 1257 2207 ·

160 2263 332 2330 codicibus
357 2263 490 2332 additur
514 2267 724 2348 grossamque
751 2255 927 2333 concludit.

229 2371 429 2454 Quamquam
454 2379 564 2439 autern
588 2376 650 2440 hcc
674 2377 748 2440 lccc
764 2376 894 2457 paulum
912 2377 952 2440 ab
971 2375 1190 2457 epitomatcre

162 2479 269 2544 oratic
298 2479 468 2547 immutata
502 2503 578 2548 esse
607 2484 754 2566 videtur,
788 2488 898 2548 tamen
933 2484 1053 2549 suidas
1088 2483 1191 2566 scrip-

160 2592 271 2669 turae,
297 2586 351 2668 qui
376 2607 417 2653 ex
442 2589 613 2670 excerptis
637 2590 865 2656 Gcnstarrtinis
889 2591 1014 2672 hausit,
1044 2592 1191 2656 fortasse

162 2695 339 2776 archetypi
378 2695 638 2779 dittographiaur
677 2695 835 2762 iudicant.
902 2699 1026 2778 Atque·
1053 2719 1115 2780 per
1154 2719 1191 2764 se

162 2807 334 2883 utrumque
358 2805 554 2869 vccabulum
587 2804 657 2886 legi
690 2810 818 2886 potest,
853 2806 1039 2888 decacorde
1073 2811 1192 2886 autem,

163 2910 251 2990 quod
274 2915 309 2974 ct
333 2929 354 2976 a
377 2909 477 2976 Suida
502 2916 537 2976 et
561 2911 733 2977 Urbinatis
759 2912 928 2993 excerptis
946 2912 1103 2977 traditum
1130 2917 1192 2992 est,

161 3017 419 3099 praeferendum
444 3038 520 3084 esse
544 3019 686 3085 videtur.

230 3125 322 3191 Conf.
349 3131 466 3208 136,30
494 3127 574 3190 ἴδιον
601 3125 640 3209 ἦν
667 3129 720 3190 καὶ
743 3127 929 3210 ύονμαοτὸν
951 3126 986 3189 τὸ
1010 3127 1192 3208 συμβαῖνον.

163 3239 258 3316 alas
287 3242 378 3297 τοῦτο
406 3235 465 3316 μὲν
493 3235 553 3316 γὰρ
577 3237 615 3298 ού
638 3236 832 3317 ύαυμαστὸν.
885 3241 1020 3316 turbat
1044 3237 1191 3317 ύανμασ-

160 3341 217 3404 τὸν
249 3341 309 3423 γάρ
343 3342 384 3424 ἦν
416 3342 468 3404 καὶ
502 3343 536 3405 τὸ
561 3342 738 3424 Ῥωμαίους
766 3345 815 3406 ἐπὶ
837 3343 949 3425 ταύτης
972 3343 1116 3424 γενέσθαι
1139 3351 1193 3426 τῆς

160 3451 386 3532 προαιρέσεως.
437 3451 578 3532 lateas
600 3451 786 3532 θαυμαστὸν
810 3451 910 3533 ἐφάνη
934 3451 987 3512 καὶ
1008 3451 1193 3532 παράδοξον

160 3557 197 3621 τὸ
221 3557 356 3639 γεγονός.
834 3541 838 3548 ’

161 3667 344 3746 θαυμάσιον
360 3664 485 3747 legitur
500 3671 549 3747 53
562 3663 597 3729 τὸ
609 3667 791 3749 θαυμάσιον
801 3671 866 3730 τῶν
877 3666 954 3730 καύ’
967 3667 1051 3750 ημᾶς
1062 3673 1192 3749 καιρῶν.

164 3777 281 3854 206,17
298 3777 369 3842 πῶς
386 3773 420 3835 δὲ
435 3773 489 3836 καὶ
503 3775 568 3836 τίνα
581 3774 699 3855 τρόπον
712 3795 717 3806 ·
731 3795 736 3807 ’
749 3794 754 3807 ·
769 3777 991 3856 παρεισάγουσι
1003 3775 1192 3855 θαυμάσιον.

116 3881 200 3962 Pag.
227 3883 366 3960 lotura
391 3881 511 3962 ὁμοίως
535 3881 570 3943 δὲ
592 3881 646 3942 καὶ
668 3880 744 3962 παρ’
769 3883 875 3944 αύτῶν
898 3883 1079 3963 ἐξέπεμψαν
1101 3883 1194 3945 πάλιν

161 3989 354 4072 πρεοβαπὰς
370 3990 412 4058 εἰς
426 3989 482 4071 τὴν
494 3989 621 4072 Ῥώμην
632 3990 839 4070 Ἁλέξανδρον
853 3989 907 4051 τὸν
917 3987 1011 4052 Ἴσι-ον
1027 3989 1192 4052 ἐπικαλού-

161 4123 258 4182 μενον
282 4099 335 4162 καὶ
362 4097 506 4171 Φαινέαν,
530 4098 587 4160 σὺν
603 4098 638 4161 δὲ
653 4099 772 4167 τούτοις
788 4097 972 4160 Κάλλιππον
987 4097 1041 4160 τὸν
1054 4099 1192 4179 Ἄμβρα-

161 4210 279 4290 κιώτην
302 4207 355 4270 καὶ
375 4206 552 4270 Λύκωπσνε
578 4205 763 4268 Κάλλιππον
778 4205 833 4270 vel
854 4205 1024 4286 Δάμιππον
1048 4203 1193 4269 coniecit

162 4314 336 4395 ReiskiUS‚
361 4313 534 4394 Χάριππον
557 4313 769 4395 HulbschiUS‚
792 4312 935 4394 χαλεπὸν·
954 4315 1014 4375 ἔστι
1038 4312 1066 4375 δ’
1083 4313 1193 4376 ὄλιπον

163 4422 201 4504 U,
217 4423 362 4506 χαλεπὸν·
381 4423 441 4486 ἔστι
458 4421 487 4484 δ’
504 4423 624 4486 ἀλαπον
641 4421 677 4503 O,
693 4421 833 4504 Χάροπα
850 4421 891 4484 ἔτι
908 4421 935 4484 δ’
948 4421 1085 4484 ’Άλυπον
1100 4418 1192 4486 Ursi·
