2906 4834
574 184 795 245 ..25-

262 375 404 441 Videtur
432 379 542 440 autem
569 374 603 440 in
629 376 812 457 archetypo
837 377 1018 446 συνιδόντας
1040 375 1075 440 in
1099 377 1224 447 ἐνόντας

195 489 397 564 corruptum,
422 482 541 548 deinde
564 487 658 548 recte
684 489 870 550 correctum
893 484 1008 549 fuisse.

146 592 231 672 Pag.
257 595 352 669 575st
386 590 463 654 καθ’
497 593 628 654 ἕκαστον
656 594 746 673 γένος
772 592 826 655 καὶ
852 598 917 656 τῶν
940 593 1062 655 ἱππέων
1085 593 1138 654 καὶ
1161 597 1225 655 τῶν

193 701 301 772 πεζῶν
329 699 364 761 ἐκ
391 704 446 780 τῆς
473 698 605 782 δεκάτης
628 701 764 782 σημαίας
787 701 840 764 καὶ
862 701 1034 770 τελευταίας
1057 723 1224 781 στρατοπε-

195 807 349 889 δευούσης
374 811 443 872 oet:
476 806 529 870 καὶ
551 807 723 876 τελευταίας
747 807 891 872 coniecit
916 806 1225 889 Schweighaeuser,

193 921 289 985 τεναῖς
312 913 475 997 δ’ἡμέραις
497 914 550 977 καὶ
572 913 754 984 τελευταῖαις
777 912 833 996 F¹,
858 914 912 980 del
935 911 999 980 Εἴ

265 1022 564 1104 Schweighaeuser
596 1027 694 1103 putat
725 1024 830 1090 verba
862 1029 956 1093 τιυαῖς
989 1022 1151 1106 δ’ἡμέρας
1185 1043 1226 1088 ex

194 1131 344 1214 margine
368 1131 402 1196 in
428 1135 618 1196 contextum
642 1150 719 1196 esse
743 1135 895 1214 recepta,
929 1149 998 1196 cum
1027 1131 1108 1196 nihil
1138 1131 1227 1196 aliud

196 1238 439 1321 significarent,
463 1239 529 1304 nisi
552 1238 586 1304 iu
610 1239 685 1305 aliis
703 1238 872 1305 codicibus
889 1258 949 1321 pro
971 1241 1106 1322 σημαίας
1123 1237 1225 1319 scrip-

196 1351 265 1412 tum
288 1348 394 1414 fuisse
419 1350 548 1430 ἡμέρας.
1218 1401 1222 1408 ,

266 1456 334 1522 Sed
355 1475 515 1538 nusquam
538 1455 617 1522 alibi
639 1457 716 1526 τινὲς
741 1456 840 1522 simili
861 1457 957 1522 modo
987 1455 1021 1521 in
1051 1455 1227 1537 archetypi

196 1563 346 1645 margine
381 1562 585 1646 adscriptum
617 1564 799 1645 invenitur,
832 1567 870 1629 ut
907 1563 1044 1629 aliorum
1080 1563 1229 1629 codicum

198 1674 383 1754 scripturas
413 1672 589 1755 significet.
636 1673 750 1752 Neque
773 1691 854 1738 vero
878 1670 926 1736 ΙΞἰ
949 1672 1027 1743 τινὲς
1050 1671 1110 1736 sed
1132 1677 1227 1741 τιμαῖς

199 1781 344 1847 exhibet.
392 1780 490 1848 Certe
516 1785 625 1846 autem
648 1783 753 1846 verba
776 1783 906 1864 σημείας
935 1785 970 1844 et
1001 1779 1163 1862 ὄήμέραις
1187 1798 1228 1844 ex

198 1889 374 1972 archetypi
396 1889 501 1956 variis
526 1888 701 1970 scripturis
727 1894 820 1956 ortae
846 1893 930 1954 sunt.

266 1996 357 2080 Quae
383 1996 569 2078 explicandi
593 1995 680 2062 ratio
697 1996 835 2062 maxime
848 1995 984 2062 fulcitur
1001 1996 1126 2061 duobus
1142 1994 1227 2060 locis

198 2125 274 2189 pag.
299 2109 404 2186 5823,
428 2104 484 2170 ubi
511 2105 644 2186 ἡμέραις
670 2123 730 2186 pro
754 2106 901 2186 σημαίαις
924 2102 1134 2168 tradiderunt
1157 2103 1228 2185 FD,

199 2217 236 2280 et
260 2217 364 2294 taes,
388 2213 444 2278 ubi
460 2215 597 2295 σημαίας
613 2211 761 2277 correxit
776 2211 935 2276 Reishius
952 2229 1012 2292 pro
1029 2213 1151 2294 ἡμέρας
1166 2211 1229 2276 HS.

268 2322 379 2404 σημεία
403 2325 514 2388 autem
537 2339 639 2401 saepe
662 2319 697 2384 in
713 2320 896 2401 archetypo
912 2337 972 2399 pro
990 2320 1107 2401 σημαία
1126 2318 1229 2400 scrip-

198 2435 268 2495 tum
291 2429 395 2494 fuisse
420 2428 562 2510 videtur,
585 2427 670 2493 conf.
693 2431 790 2508 41,10
813 2431 911 2507 4233
939 2429 1065 2507 775,19.

268 2537 343 2601 Ηοο
374 2535 480 2619 igitur
512 2537 586 2602 loco
619 2534 654 2600 in
682 2535 864 2616 archetypo
895 2535 1086 2615 corruptela
1108 2535 1230 2616 ἡμέρας

201 2651 238 2713 et
262 2645 426 2712 correctio
450 2645 580 2726 σημείας
604 2643 751 2724 scriptae
776 2647 884 2723 erant,
913 2648 1007 2712 τιναῖς
1031 2646 1141 2707 autem
1163 2642 1229 2708 for-

201 2760 295 2820 tasse
320 2773 362 2818 ex
384 2777 439 2835 της
462 2757 568 2818 ortum
593 2759 655 2818 est.

149 2867 238 2945 Pag.
263 2867 379 2944 587,ss
405 2862 441 2924 τὰ
458 2861 539 2942 πρὸς
555 2867 638 2944 σφᾶς
654 2861 768 2930 αὐτοὺς
784 2860 999 2923 πολιτεύεσθαι
1014 2859 1068 2922 καὶ
1084 2883 1229 2940 συμφρο-

201 2977 272 3034 νεῖν.
316 2976 411 3032 ταῦτα
436 2968 708 3052 δ’ἀπσφηνάμενοι
732 2973 799 3032 cet:
834 2970 913 3047 post
941 2973 1134 3050 συμφρονεῖν
1158 2965 1230 3030 add.

200 3077 295 3142 ταυτὰ
320 3076 400 3158 Fls)
425 3077 569 3142 deletum
593 3095 613 3142 a
637 3075 785 3142 Reiskio.

271 3185 365 3268 Quod
387 3185 533 3251 fortasse
552 3203 592 3249 ex
609 3184 784 3265 archetypi
801 3183 1029 3265 dittographia
1046 3187 1152 3247 ortum
1169 3187 1231 3246 est.

150 3298 239 3376 Pag.
257 3299 372 3375 688,ss
387 3295 424 3357 τά
440 3316 471 3356 τε
486 3293 565 3356 κατὰ
582 3293 638 3375 τὴν
648 3291 785 3375 Ἰβηρίαν
802 3292 851 3356 διὰ
868 3297 923 3354 τοῦ
938 3293 1152 3374 πρεσβυτέρου
1167 3297 1232 3354 τῶν

202 3401 351 3483 ἀδελφῶν
359 3401 569 3482 Ἀσδρούβαν,
584 3399 661 3482 μετὰ
679 3400 713 3462 δὲ
728 3405 823 3462 ταῦτα
837 3398 954 3462 dadraei
966 3399 1142 3480 πρεσβύτου
1155 3397 1231 3460 Μά-

202 3534 314 3592 γωνος.
343 3510 396 3575 Ad
413 3528 496 3589 quae
512 3510 618 3575 verba
634 3507 933 3590 Schweighaeuser
946 3507 1030 3571 haec
1044 3505 1231 3571 adnotavit:

205 3617 373 3700 „Uterque
386 3617 493 3682 frater
505 3617 695 3682 Hasdrubal
709 3621 743 3681 et
756 3617 855 3697 Mago
867 3619 948 3679 natu
961 3613 1105 3679 minores
1118 3614 1232 3680 viden·

202 3733 258 3792 tur
268 3725 373 3791 fuisse
384 3725 581 3805 Hannibale,
596 3725 655 3790 sed
669 3745 710 3789 ex
720 3725 772 3788 his
785 3725 909 3790 duobus
921 3722 1110 3788 Hasdrubal
1122 3721 1233 3787 senior

202 3833 280 3913 fuit,
304 3833 408 3898 minor
424 3838 505 3897 natu
521 3833 629 3915 Mago.
675 3831 834 3913 Quoniam
854 3828 1008 3910 intellegi
1029 3849 1093 3894 nou
1109 3832 1233 3910 potest,

204 3963 267 4024 quo
280 3943 404 4008 factum
417 3942 475 4023 sit,
488 3946 525 4006 ut
534 3944 689 4022 νεωτέρου
700 3939 734 4004 in
745 3940 958 4022 πρεσβυτέρου
969 3943 1233 4017 corrumperetur

205 4073 227 4118 a
252 4052 412 4133 librariiS,
437 4049 609 4132 probabile
632 4049 671 4113 fit
694 4048 790 4113 nobis
813 4046 899 4112 nude
925 4045 975 4108 διὰ
998 4051 1053 4107 τοῦ
1069 4043 1234 4126 Μάγωνος

205 4159 384 4240 scripsisse
400 4150 583 4241 Polybium
610 4157 812 4222 Vocabulum
824 4175 905 4221 vero
916 4155 1102 4237 πρεσβύτου,
1116 4172 1187 4219 curn
1199 4155 1233 4221 in

204 4287 264 4332 ora
288 4266 427 4332 alicuius
446 4266 570 4332 codicis
586 4285 645 4346 pro
664 4255 844 4346 synonymo
860 4272 915 4327 τοῦ
939 4264 1151 4345 πρεσβυτέρου
1177 4267 1234 4328 aut

203 4393 264 4456 pro
299 4374 434 4441 diversa
465 4372 611 4438 lectione
646 4375 740 4436 esset
772 4375 933 4452 notatum,
967 4370 1077 4449 iniquo
1102 4371 1175 4435 loco
1200 4370 1234 4436 in
