2906 4834
675 205 707 215 ..
763 171 894 234 24--

359 363 451 430 Oonf.
477 368 593 446 lutra
618 365 799 446 ἐπεγένοντο
823 365 857 428 δὲ
879 367 943 428 νέοι
958 367 1067 448 θυμοῦ
1083 369 1142 450 μὲν
1158 369 1321 451 ἀλογίστου

292 473 426 556 πλήρεις.
466 477 582 554 321,11
601 473 708 554 ἔμελλε
722 474 919 555 πραγμάτων
939 475 1065 538 ἔσεσθαι
1087 481 1207 539 καινῶν
1230 477 1321 558 ἀρχή.

295 585 390 661 510,9
410 581 567 661 Ἄντίοχος
590 581 636 650 ὡς
659 581 699 642 ἂν
722 581 850 661 ἄπειρος
872 581 926 644 καὶ
949 583 1027 652 νέος.

361 689 471 767 Atque
494 687 641 754 fortasse
665 689 719 750 καὶ
742 689 806 751 νέοι
831 707 873 752 ex
892 687 1121 771 dittographia
1137 689 1210 756 sive
1226 708 1323 771 repe·

293 794 412 862 titione
436 793 590 861 vocabuli
613 795 715 858 καινοὶ
738 800 844 860 ortum
868 800 930 862 est.

361 904 427 970 Sed
458 902 541 969 nihil
572 903 638 970 nisi
672 903 895 968 coniecturam
927 904 1078 985 proferre
1112 907 1188 972 volo
1222 911 1323 987 atque

293 1012 441 1078 fortasse
457 1011 540 1076 nihil
554 1010 742 1076 mutandmn
759 1016 814 1076 est
829 1011 884 1092 (ut
896 1012 1148 1078 Baumstarkius
1162 1013 1324 1099 censuit).
1439 1019 1440 1022 ’

250 1120 332 1202 Pag.
356 1124 452 1202 97,18
486 1121 517 1182 οἱ
550 1119 583 1183 δέ
615 1119 831 1203 Καρχηδόνιοι
858 1120 1102 1202 περικλειόμενοι
1124 1121 1325 1202 πανταχόθεν

293 1229 508 1311 ἠναγκάζοντο
535 1228 740 1309 καταφεύγειν
765 1227 815 1290 ἐπὶ
838 1227 893 1296 τὰς
916 1227 1012 1309 ῖέρων
1034 1229 1081 1291 ἀεὶ
1106 1247 1160 1261 ·’·
1184 1229 1326 1311 μεγάλην

293 1337 423 1398 ἐποιεῖτο
447 1335 589 1418 σπουδὴν
613 1332 661 1399 Α1
685 1333 839 1400 continuo
864 1353 981 1415 versu3
1016 1337 1076 1401 sub
1106 1333 1162 1406 τὰς
1184 1336 1227 1400 Αῐ
1251 1336 1325 1402 add.
1440 1417 1441 1428 η

293 1443 493 1526 συμμαχίδας
519 1440 770 1528 πόλειςὶἐπιστὰς
803 1443 855 1519 ὅὲ,·
890 1442 1004 1508 cadem
1037 1445 1193 1526 leguntur
1227 1444 1261 1508 in
1285 1444 1327 1524 R,

293 1549 359 1616 nisi
383 1551 469 1630 quod
491 1569 551 1632 pro
576 1551 699 1620 ἐπιστὰς
716 1550 749 1614 δὲ
766 1550 790 1615 G
806 1551 909 1616 habet
925 1551 974 1614 ἐπὶ
989 1551 1089 1614 τάσδε.
1136 1549 1235 1618 Certe
1251 1551 1326 1616 A¹R

295 1679 349 1741 ea,
382 1658 521 1738 quaein
546 1657 594 1722 A¹
619 1658 754 1740 desunt,
778 1678 843 1723 non
868 1658 1074 1740 coniectura,
1108 1659 1234 1724 seder
1259 1659 1325 1726 alio

296 1767 435 1856 quodam
472 1767 565 1832 fonte
605 1766 803 1832 addiderunt
841 1771 955 1847 atque,
996 1785 1196 1846 quocumque
1228 1766 1324 1832 modo

296 1875 460 1940 ordiamur
495 1881 689 1955 sequentem
722 1874 934 1957 sententiam,
966 1875 1046 1940 illud
1076 1875 1199 1945 ἐπιστὰς
1224 1876 1258 1938 δὲ
1284 1893 1327 1940 ex

296 1982 523 2065 dittographia
556 1987 663 2048 ortum
697 2003 774 2049 esse
809 1984 950 2050 videtur.
1006 1982 1170 2048 Fortasse
1200 1983 1327 2053 ἒιιισιὰς

294 2091 330 2156 in
353 2093 534 2174 archetypo
559 2110 621 2172 per
644 2091 693 2154 ἐπὶ
715 2092 887 2163 correcte
913 2097 1098 2158 correctum
1122 2095 1205 2157 erat.

741 2735 819 2846 ru.
860 2697 863 2704 ’

317 2953 410 3020 Nunc
435 2953 477 3019 ad
499 2953 645 3034 reliquos
673 2952 794 3034 libros,
828 2953 881 3032 qui
916 2953 1086 3034 excerptis
1115 2952 1323 3019 Constantini

250 3061 561 3144 Porphyrogcnneti
594 3066 629 3127 et
658 3061 827 3142 excerptis
857 3061 982 3127 codicis
1011 3060 1183 3127 Urbinatis
1208 3061 1324 3126 traditi

252 3173 342 3251 sunt,
377 3173 559 3252 transeam,
592 3188 671 3249 quos
706 3188 818 3235 omnes
856 3189 897 3234 ex
931 3169 1046 3236 eodem
1070 3168 1162 3235 fonte
1185 3168 1322 3234 fluxisse

251 3275 401 3342 vidimus

363 3384 474 3464 Atque
508 3384 644 3464 primum
674 3384 802 3465 quidem
826 3385 867 3450 de
893 3385 942 3450 eis
966 3385 1051 3451 locis
1075 3384 1236 3467 agendum
1262 3390 1323 3462 est,

297 3491 413 3573 quibus
437 3491 471 3556 in
495 3493 678 3573 archetypo
702 3492 810 3558 falsae
835 3493 1021 3574 scripturae
1037 3496 1130 3557 recte
1150 3495 1322 3556 correctae

297 3619 373 3666 esse
398 3599 561 3665 videntur.
1443 3673 1444 3686 η

251 3711 332 3791 Pag.
357 3712 449 3789 545,1
487 3707 581 3790 δῆλον
614 3708 660 3778 ὡς
693 3709 890 3790 όυσαρεστεῖν
920 3707 973 3769 καὶ
1005 3707 1214 3788 προσκόπτειν
1241 3707 1324 3776 εἰκὸς
1443 3687 1444 3742 ³

295 3808 368 3886 τοὺς
400 3817 549 3886 συνόντας
580 3815 633 3878 καὶ
666 3816 847 3885 συνιδόντας
878 3815 934 3898 τὴν
966 3815 1173 3896 γεγενημένην
1201 3815 1236 3876 ἐκ
1261 3820 1324 3877 τῶν

296 3926 511 4007 γεννησάντων
543 3924 728 4006 ἐπιμέλειανι
763 3924 912 3992 συνόντας
943 3922 996 3984 καὶ
1030 3920 1176 3987 coniecit
1203 3919 1323 3986 Casan·

296 4033 415 4114 bonus,
444 4033 569 4102 ἐνόντας
591 4033 644 4095 καὶ
668 4030 735 4111 FS,
760 4030 887 4096 delevit
910 4028 1122 4110 Hultschins3
1146 4047 1221 4093 nam
1244 4027 1324 4094 talis
1443 4053 1444 4126 i

296 4139 388 4205 notio
414 4139 541 4204 omnino
565 4157 630 4204 non
653 4138 842 4218 requiritur.

365 4246 455 4312 Conf.
480 4248 550 4312 ead.
574 4266 649 4328 pag.
673 4266 703 4312 v.
731 4251 771 4312 14
795 4247 934 4330 φανερὸν
959 4247 1005 4315 ὡς
1028 4245 1111 4315 εἰκὸς
1132 4253 1178 4328 τῴ
1192 4246 1325 4328 τοιούτῳ

298 4356 551 4439 δυσαρεστεῖσάαι
575 4355 627 4418 καὶ
649 4356 856 4438 προςκόπτειν
877 4354 950 4425 τοὺς
973 4354 1100 4424 εἰδότας.
