2854 4834
534 229 756 294 -19.-

153 427 300 492 αὐτόπται
317 421 406 508 ΑΨ,
430 425 585 496 αὐτόπτας
607 425 690 508 NR,
716 441 799 507 quae
825 426 1010 508 scripturae
1034 423 1181 493 fortasse

153 536 194 601 ad
218 534 393 617 archetypi
416 533 529 600 varias
554 533 717 600 lectiones
741 534 938 600 referendae
964 539 1070 619 suut).

112 660 188 744 Pag.
214 665 330 744 3e4‚15
365 655 403 724 οὗ
435 663 500 746 μὴν
529 661 605 726 ἀλλὰ
634 667 828 744 συνορῶντες
856 665 886 726 ολ
908 663 978 744 περὶ
1001 662 1055 726 τὸν
1079 662 1182 744 Δωρί-

152 793 257 852 μαχσν
280 770 341 854 ἤδη
364 771 419 833 τὸν
439 773 626 852 περιεστῶτα
643 769 789 834 κίνδυνον
806 771 933 844 αὐτοὺς,
958 773 1184 854 συστραφέντες

153 878 309 966 ὥρμησαν
343 883 410 942 cet:
445 878 559 948 αὐτοὺς
588 880 626 941 οὐ
650 879 876 960 συστραφέντες
900 877 1006 959 ADE,
1042 895 1124 942 corr.
1150 878 1183 943 O.

153 985 261 1050 Recte
277 983 474 1051 Hultsohius
493 985 643 1051 adnotat:
666 985 700 1050 in
718 985 900 1067 archetypo
917 991 1054 1067 praeter
1071 987 1185 1058 αὐτοὺς

153 1087 248 1158 varia
272 1090 438 1175 scriptura
461 1095 557 1158 αὐτοῦ
577 1091 686 1159 fuisse
711 1091 852 1160 videtur.
956 1151 968 1170 ,

220 1201 301 1266 Veri
326 1201 432 1267 simile
458 1207 568 1268 autem
593 1199 703 1267 estin
728 1203 910 1284 archetypo
934 1203 1072 1284 primum
1088 1205 1185 1268 αὐτοῦ

155 1308 276 1374 omisso
300 1334 316 1379 ς
340 1314 418 1375 ante
445 1329 586 1390 sequens
613 1313 839 1392 συστραφέντες
868 1310 1039 1394 σπείρωσι,
1064 1310 1184 1378 deinde

155 1415 269 1487 αὐτοὺς
292 1422 478 1484 correctum
500 1418 614 1484 fuisse.

109 1525 190 1606 Pag.
214 1527 311 1606 4323
336 1525 389 1588 καὶ
413 1526 523 1608 δεῖγμα
547 1533 601 1608 τῆς
623 1527 838 1607 προαιρέσεως
858 1528 1017 1608 ἑκατέρων
1034 1528 1066 1590 ἐν
1082 1552 1185 1610 παρα-

152 1633 293 1716 πλησίαις
321 1634 579 1716 ὁμολογούμενον
607 1635 733 1715 έχσμεντ
767 1635 800 1697 έν
832 1634 878 1705 αἶς
912 1637 975 1719 (οἷς
1003 1636 1048 1719 P)
1082 1661 1185 1718 παρα-

153 1742 294 1824 πλησίως
319 1743 422 1824 (παρὰ
439 1742 579 1824 πλησίως
595 1742 642 1825 F)
668 1743 802 1824 APFR,
827 1745 859 1807 ἐν
882 1746 1186 1828 τοῖςπαραπλησίοις

154 1847 227 1930 ua,
263 1850 409 1915 correxit
432 1848 643 1934 HultsohiuS‚
680 1849 733 1931 qui
757 1851 791 1916 in
815 1853 997 1934 archetypo
1023 1852 1186 1934 dittogra-

523 1957 552 1992 Ol
1188 1979 1190 1984 .

155 2011 263 2093 phiam
288 2015 321 2076 ἐν
344 1957 571 2097 παραπλησίαιξ
594 2014 700 2079 fuisse
726 2013 916 2095 suspicatus
938 2019 1001 2078 est.
1041 2013 1105 2080 Sed
1121 2013 1187 2078 iam

154 2118 188 2184 in
218 2121 401 2202 archetypo
417 2201 421 2206 ¹
436 2146 481 2192 αις
514 2127 592 2187 ante
625 2122 852 2205 παραπλησίως
889 2121 1046 2203 scriptum
1081 2121 1187 2186 fuisso

155 2227 228 2294 veri
253 2227 359 2294 similo
385 2232 451 2310 est,
477 2248 549 2294 oum
572 2229 605 2294 in
630 2229 778 2295 omnibns
796 2229 964 2295 codicibus
983 2229 1098 2294 eodem
1113 2229 1187 2293 loco

156 2336 299 2418 legatur.
818 2415 820 2420 ¹

113 2443 194 2525 Pag.
218 2447 337 2526 480,15
364 2446 472 2527 διόπερ
491 2446 616 2528 Ἀχαιὸς
640 2447 740 2517 συνεὶς
763 2448 818 2530 τὴν
835 2449 867 2511 ἐν
884 2449 988 2518 αὐτοῖς
1004 2446 1187 2529 ὁιατρσπὴνε

122 2637 125 2644 .
157 2552 213 2634 τὴν
236 2553 269 2615 ἒν
293 2554 398 2622 αὐτοῖς
420 2553 462 2634 Β,
497 2554 547 2616 διὰ
570 2554 625 2636 τὴν
649 2554 682 2616 ἒν
705 2551 826 2642 ταῖςλΑ,
860 2555 911 2618 διὰ
939 2555 995 2636 τὴν
1022 2555 1055 2616 ἐν
1084 2555 1189 2624 αὐτοῖς

157 2659 201 2740 R,
222 2659 264 2724 ad
282 2659 366 2738 quod
381 2659 577 2726 Hultschius
596 2660 745 2726 adnotat:
771 2662 821 2724 διαὶ
838 2666 945 2727 ortum
963 2681 1038 2728 asse
1056 2660 1189 2727 videtur

158 2787 200 2832 ex
225 2766 448 2859 additamento
478 2776 491 2814 t
509 2770 549 2831 αὐ
575 2767 650 2832 olim
674 2769 717 2834 ad
739 2777 802 2840 ταῖς
829 2771 863 2835 in
889 2770 1038 2852 margine
1074 2771 1188 2835 arohe-

158 2874 232 2958 typi
257 2875 437 2958 adscripto.

227 2981 318 3072 Quae
353 2984 541 3064 explicandi
574 2985 674 3067 ratio,
709 3005 781 3050 oum
812 3005 971 3066 nusquam
1001 2985 1079 3052 alibi
1103 2985 1190 3066 apud

157 3091 333 3173 Polybium
357 3092 507 3158 adhiberi
530 3093 653 3176 possit,
678 3094 816 3160 dubiosa
840 3114 915 3160 esse
939 3094 1072 3161 uidetur
1089 3098 1188 3173 atque

157 3199 231 3267 veri
268 3199 406 3266 similius
443 3205 496 3266 est
532 3202 582 3264 διὰ
620 3221 661 3266 ex
694 3201 907 3266 antecedenti
941 3203 1064 3284 διόπερ,
1106 3201 1191 3280 quod

158 3307 297 3374 eundem
313 3307 434 3388 prioris
451 3327 570 3374 versus
587 3309 692 3374 locum
710 3308 891 3391 obtinebat,
907 3309 1087 3389 repetitum
1104 3329 1190 3391 esso,

159 3415 341 3482 cuiusmodi
367 3417 518 3498 exempla
541 3436 704 3498 persaepe
729 3416 949 3482 inveniuntur.

226 3525 345 3603 Itaque
369 3524 431 3588 hoc
455 3525 528 3589 loco
553 3526 593 3590 de
619 3524 793 3606 archetypi
809 3524 913 3591 variis
931 3523 1107 3605 scripturis
1123 3524 1189 3590 for-

158 3637 254 3700 tasse
278 3651 343 3698 non
369 3637 422 3698 est
447 3632 666 3714 cogitandum.

181 3887 221 3951 In
244 3884 308 3949 fine
334 3883 430 3950 huius
453 3884 560 3965 partis
585 3880 647 3950 duo
672 3885 737 3951 loci
761 3885 921 3951 afferendi
939 3888 1029 3966 saint,
1054 3883 1108 3964 qui
1124 3881 1191 3948 for-

112 3998 208 4060 tasse
243 4009 285 4058 ex
314 3991 488 4073 archetypi
517 3992 753 4074 dittographiis
781 3993 967 4074 explicandi
992 3997 1077 4057 sunt.
1125 3992 1192 4058 Sed

114 4099 201 4166 corti
227 4100 350 4181 aliquid
374 4100 413 4164 de
439 4099 488 4165 eis
514 4101 579 4166 dici
602 4100 726 4180 nequit.

112 4209 196 4291 Pag.
222 4213 317 4290 talo
347 4208 590 4290 συλλαλήσαντες
623 4211 728 4280 αὑταῖς
760 4211 840 4292 ὑπὲρ
868 4217 923 4273 τοῦ
950 4210 1006 4292 τὴν
1029 4210 1118 4272 πόλιν
1142 4211 1190 4273 ἐν-

160 4320 270 4382 δοῦναι
302 4325 365 4388 τοῖς
397 4317 575 4398 Ῥωμαίοιςε
609 4319 714 4388 αὐτοῖς
746 4320 850 4388 αὐτοῖς
883 4315 1031 4397 vestigia
1065 4317 1191 4397 primae

159 4445 275 4492 manus
301 4424 335 4490 in
358 4425 402 4507 A,
431 4424 518 4487 αὐτοὶ
542 4427 661 4496 ἑαυτοῖς
685 4423 778 4508 Abs,
806 4427 893 4488 αὐτοὶ
917 4427 951 4490 in
976 4423 1192 4504 suspitionem

977 4531 1015 4596 2*
