2854 4834
681 173 901 242 ,χρη

296 374 435 452 proptor
468 391 613 453 sequens
647 375 666 456 η
701 373 778 456 doen
811 379 986 456 προγονικῇ
1015 371 1220 455 adscriptum
1249 389 1321 438 osso

295 479 437 546 videtur.

250 586 333 670 Pog.
358 591 453 669 881,7
478 587 678 654 Hultsohius
702 594 796 654 reete
822 589 972 672 scripsit:
1002 592 1032 654 σῖ
1054 591 1113 673 μὲν,
1136 590 1194 656 οὖν
1218 591 1320 656 Κελτί-

294 698 392 778 βηρες
401 702 517 760 τοῦτον
531 696 586 760 τὸν
601 697 720 779 τρόπον
735 697 914 771 ἀπώλοντο,
932 699 1072 781 μεγάλην
1087 699 1320 782 παρασχόμενοι

294 805 401 886 χρείαν
424 811 488 875 τοῖς
510 804 744 888 Καρχηδονίοις
768 806 807 869 ού
829 805 931 886 μόνον
954 805 1030 888 παρ’
1048 806 1124 888 ὅλην
1139 807 1195 889 τὴν
1217 807 1320 889 μάχην

295 912 371 976 dttd
397 903 451 976 κἀί
473 912 553 976 κατὰ
573 911 629 994 τὴν
645 911 763 994 φυγὴνε
785 916 865 993 post
878 913 1019 995 μεγάλην
1034 911 1233 980 addiderunt
1247 914 1319 996 παρ’

294 1021 371 1103 ὅλην
394 1019 461 1102 FS‚
493 1039 553 1101 pro
582 1019 658 1102 παρ’
688 1020 777 1102 ὅληνι
807 1019 889 1084 ,κατὰ
913 1019 981 1101 FS,
1016 1021 1320 1100 quodHulisdhius

294 1145 336 1192 ox
368 1127 514 1206 proximo
546 1127 625 1191 κατὰ
650 1127 887 1209 interpolatum
916 1146 992 1194 esse
1017 1131 1127 1210 putat,
1148 1132 1320 1209 postquam

293 1237 399 1302 verba
425 1236 501 1319 παρ’
527 1237 603 1318 ὅλην
627 1254 686 1301 suo
711 1236 785 1302 loeo
808 1241 899 1302 moto
923 1239 1009 1302 sunt.

359 1343 434 1410 Hoo
458 1342 563 1426 igitur
586 1345 659 1410 loeo
684 1362 799 1411 rursus
823 1344 979 1412 librarius
998 1347 1189 1425 corruptum
1205 1344 1319 1414 moho-

291 1451 365 1534 typi
388 1457 581 1518 oontoxtum
609 1453 697 1518 falsa
726 1453 920 1519 coniectura
949 1471 1069 1518 sonoro
1094 1457 1233 1520 conatus
1259 1458 1319 1517 est.

247 1559 328 1641 Pag.
357 1564 472 1641 922‚2l
510 1561 725 1642 περιελθόντες
759 1560 814 1630 τὰς
847 1561 907 1642 μὲν
940 1564 1071 1642 πρώτας
1104 1567 1158 1644 τῆς
1191 1561 1320 1642 πρώτης

291 1669 438 1751 σύριγγος
461 1671 612 1752 ἐξέβαλον
633 1670 751 1752 θύρας,
775 1671 947 1751 ἒγγίσαντες
971 1670 1005 1733 δὲ
1023 1677 1078 1753 τῆς
1093 1671 1240 1751 δευτέρας
1257 1673 1319 1734 cri.

291 1775 355 1859 ΡΒ,
382 1780 512 1862 πρώτης
547 1779 719 1844 dolendum
749 1797 839 1844 esse·
855 1782 950 1843 τεοῖο
979 1777 1127 1846 coniecit
1150 1776 1318 1860 Schweig-

291 1885 448 1967 haeusor3
471 1905 544 1952 nam
561 1905 627 1954 una
643 1889 771 1952 tantum
788 1886 898 1967 σύριγξ
915 1883 1103 1970 (fornicata
1118 1884 1317 1971 ambulatio)

291 1999 570 2060 commemoratur.

358 2102 423 2168 Sed
458 2102 532 2168 miri
568 2100 693 2182 aliquid
728 2099 762 2166 in
796 2099 849 2166 his
881 2099 995 2168 verbis
1029 2099 1143 2167 inesse
1178 2099 1318 2166 vidotur.

289 2209 400 2275 Versu
425 2209 510 2274 onim
535 2215 556 2274 4
578 2209 733 2291 legimus:
756 2209 833 2292 μετὰ
856 2209 1000 2276 δὲταῦτα
1018 2209 1078 2274 δύο
1092 2209 1198 2292 θύρας
1214 2209 1317 2290 ἀσφα-

288 2318 453 2400 ίίσαγιενος
475 2318 530 2387 τὰς
552 2319 681 2399 πρώτας
705 2319 747 2387 εἰς
768 2316 824 2399 τὴν
842 2318 945 2399 τρίτην
961 2318 1151 2399 ἀνεχώρησε.
1197 2317 1317 2396 Imque

288 2428 350 2492 hoo
376 2445 504 2508 quoquo
529 2428 604 2492 looo
629 2427 679 2510 (v.
705 2425 765 2512 22)
790 2433 845 2509 τῆς
868 2428 970 2509 τρίτης
997 2444 1065 2506 pro
1085 2433 1140 2509 τῆς
1171 2426 1319 2508 δευτέρας

288 2534 498 2600 soriboodum
520 2555 597 2600 osso
615 2533 769 2600 ooniooro
786 2534 896 2614 possit
912 2533 1040 2614 aliquis.
1087 2533 1180 2616 Quod
1197 2533 1317 2602 sorsum

290 2661 367 2707 esso
392 2661 433 2707 ox
456 2663 532 2724 pag.
557 2648 676 2724 omo
702 2643 823 2723 elucet,
845 2641 902 2708 uhi
917 2631 1186 2724 iogimusz-odwt
1203 2641 1237 2706 δὲ
1253 2648 1318 2711 ταῖς

288 2750 445 2831 δευτέραις
468 2751 583 2832 θύραις
606 2752 778 2832 ἐγγίσαντες
802 2751 942 2822 ἐξέωσαν
964 2750 1017 2813 καί
1039 2751 1160 2819 ταύτας.

352 2857 403 2922 Eo
420 2857 533 2940 igitur,
555 2876 648 2937 quem
664 2862 857 2938 tractam,
873 2857 947 2922 loco
964 2857 1101 2938 primum
1116 2857 1171 2927 τὰς
1185 2859 1317 2938 πρώτας

286 2966 390 3047 θύρας
414 2966 454 3030 δε
480 2965 589 3032 valvis
613 2965 738 3046 primao
762 2971 895 3046 portae,
930 2965 1050 3030 doiodo
1082 2971 1137 3048 τῆς
1170 2966 1317 3046 δευτέρας

285 3072 319 3137 in
342 3072 533 3138 universum
558 3073 609 3137 do.
624 3071 770 3137 secunda
793 3079 892 3152 porta
916 3071 1039 3138 dietum
1064 3077 1127 3141 ost.-
1196 3129 1210 3140 .,
1286 3136 1290 3144 .

353 3179 444 3261 Quod
469 3200 534 3246 non
557 3185 651 3244 recto
675 3179 880 3261 intellegens
904 3179 1052 3246 fortasse
1069 3180 1134 3244 iam
1148 3178 1182 3246 in
1200 3183 1315 3246 arohe-

285 3292 365 3368 typo
398 3295 452 3370 τῆς
483 3290 614 3370 πρώτης
646 3288 794 3370 σύριγγος
816 3286 947 3367 aliquis
983 3285 1141 3368 coniecit,
1177 3288 1233 3368 qui
1262 3296 1316 3372 τῆς

286 3397 431 3477 δευτέρας
456 3395 499 3460 ad
522 3397 669 3477 σύριγγος
691 3393 846 3460 referret.

239 3503 320 3585 Pag.
347 3508 483 3584 rotomo
507 3503 558 3564 ἐπὶ
580 3509 676 3566 ταῦτα
698 3502 736 3564 τὰ
763 3505 845 3584 μέρη
879 3503 1072 3584 ποιήσασθαι
1099 3504 1155 3586 τὴν
1189 3505 1315 3577 ἔξοδονε

284 3611 319 3673 τὰ
345 3615 422 3674 anto
446 3617 541 3673 ταῦτα
564 3611 601 3673 τὰ
618 3609 746 3675 addidit
764 3609 800 3691 Ο,
819 3609 904 3690 quod
920 3610 1183 3692 dittographiom
1199 3611 1316 3678 arohe-

283 3717 356 3799 typi
388 3725 482 3780 ταῦτα
515 3718 552 3780 τὰ
587 3723 622 3782 et
650 3718 685 3782 τὰ
710 3717 788 3780 αὐτὰ
812 3716 962 3784 indicare
986 3717 1128 3790 videtur.
1173 3719 1211 3783 τὰ
1236 3719 1314 3782 αὐτὰ

282 3825 431 3891 fortasse
448 3825 569 3906 aliquis
586 3825 793 3908 ooniooerat,
814 3825 899 3906 quod
917 3825 981 3890 iam
998 3845 1098 3892 vorsu
1118 3831 1159 3892 14
1174 3827 1314 3909 legitur:

282 3937 397 4018 συνέβη
432 3933 466 3997 δὲ
499 3941 565 4004 ταῖς
597 3935 752 4016 πρότερον
779 3936 912 4017 ἡμέραις
938 3933 1011 4003 τοὺς
1038 3935 1088 3998 ἐπὶ
1115 3933 1170 4004 τὰς
1193 3935 1315 4007 ξυίείας

281 4043 343 4106 καί,
362 4042 564 4124 χορτολογίας
587 4044 861 4124 ἐκπορευομένους
885 4090 940 4106 ...
964 4043 1014 4106 dat
1041 4048 1136 4106 ταῦτα
1163 4042 1202 4106 τὰ
1229 4046 1313 4126 μέρη

280 4150 472 4233 πεποιῆσθαι
494 4150 550 4232 τὴν
574 4151 693 4224 ἔξοδον.
1268 4215 1274 4224 ,

233 4259 315 4340 Pag.
344 4263 483 4339 loooro
507 4258 696 4340 βουλόμενοι
723 4259 1003 4341 κατακηρυχθῆναι
1033 4259 1087 4328 τὰς
1116 4260 1233 4340 κρίσεις
1256 4260 1313 4330 τὰς

278 4367 365 4430 κατὰ.
381 4373 445 4429 τῶν
474 4367 545 4447 περὶ
572 4365 626 4429 τὸν
651 4365 838 4440 Ζεύξιππον,
863 4369 901 4436 ἃς
924 4365 1004 4449 ἦσαν
1027 4368 1183 4449 πρότερον
1207 4370 1315 4438 αὐτοῖς
