2906 4834
683 189 898 252 -42-

302 380 413 459 γίνεται
443 380 604 450 παντελεῖ),Α
630 379 677 442 ll.
722 382 792 446 Iani
816 401 917 464 snpra
940 383 1027 448 dixit
1049 385 1225 465 Polybius:
1261 387 1333 450 οὔτε

302 487 461 566 εἰαιείρως
484 507 538 518 ···
565 487 631 550 αἴτ’
656 490 857 570 ἐμφαντικῶς
879 493 1012 561 σι’-διττὸς
1027 495 1234 573 γραφομένου
1251 517 1332 575 σαμ-

302 597 400 676 βαίνει
424 597 481 677 τίην
504 599 719 677 πραγματείαν
745 599 910 678 ἄτρακτον
934 601 1074 679 γίνεσθαι
1097 608 1163 670 τοῖς
1184 601 1333 683 ἐντυγχά-

303 727 417 766 νουσιν.
463 703 592 768 Deinde
617 704 744 786 pergit.
767 706 796 770 si
820 705 894 785 quis
918 725 960 770 ex
984 707 1126 772 historia
1150 707 1334 774 removerit

302 810 350 887 id,
385 811 472 890 qnod
505 811 602 876 nobis
637 813 798 892 prodesse
834 815 956 894 possit.
992 834 1064 880 eain
1098 817 1216 898 ἄζηλον
1250 814 1333 880 fieri.
1437 861 1438 888 ;

304 918 417 982 Verba
452 928 563 983 antem
598 921 651 982 καὶ
686 921 847 1003 ἀνωφελὲς
885 921 1113 988 intolerabilia
1151 943 1229 988 esse
1268 923 1335 988 iam

302 1027 542 1092 intellexerunt
576 1029 641 1092 Viri
680 1027 785 1097 docti.
824 1030 879 1108 qui
917 1031 1031 1110 ἀφελές
1068 1031 1124 1096 vel
1161 1032 1335 1102 ἀλυσιτελές
1437 1069 1438 1080 ¹

303 1135 527 1202 conieeenmt
575 1137 640 1202 Sed
672 1157 768 1202 unum
809 1137 1011 1202 adieetivnm
1047 1137 1173 1203 suffieit
1210 1145 1245 1203 et
1279 1139 1334 1202 καὶ

302 1243 464 1324 ἀνωφελὲς
486 1243 600 1324 inepte
625 1244 740 1310 addita
765 1263 842 1309 esse
866 1244 1087 1310 indenturam
1116 1245 1244 1326 aliquo,
1279 1245 1333 1326 qui

303 1372 357 1432 ea,
390 1369 474 1432 qnae
508 1351 727 1432 praecedunt,
760 1352 931 1433 repetivit.
986 1353 1101 1432 Neque
1133 1354 1249 1434 placet
1281 1356 1335 1418 καὶ

304 1478 376 1524 cum
407 1458 514 1538 biatu,
547 1459 602 1538 qui
635 1478 828 1539 quamquam
861 1465 940 1540 post
967 1461 1020 1522 καὶ
1048 1460 1137 1541 apud
1158 1460 1335 1542 Polybium

302 1565 480 1646 invenitur,
503 1573 614 1632 tamen
637 1585 703 1632 non
727 1585 830 1646 saepe
854 1567 1031 1632 invenitur.

256 1693 339 1775 Pag.
363 1698 481 1772 98Q32
505 1699 584 1774 post·
606 1695 757 1776 ἀληδείαν
780 1693 906 1759 addidit
931 1694 959 1758 P
982 1697 1001 1757 ὃ
1028 1697 1181 1777 πεποίηκε
1211 1695 1334 1776 δημοσ-
1439 1739 1440 1776 η

301 1803 412 1884 θέτης,
437 1821 521 1880 quae
545 1804 767 1867 verberante
792 1821 813 1866 a
836 1802 993 1867 Bekkero
1016 1801 1130 1867 deleta
1154 1791 1243 1866 aunt.
1439 1785 1440 1830 3

370 1928 474 1993 Simili
494 1930 589 1995 modo
612 1950 706 2012 pag.
736 1935 909 2010 884‚13,
932 1931 1144 2013 ubilegimus
1163 1931 1333 1998 incndite

302 2037 336 2100 M
369 2039 404 2100 τό
439 2062 472 2118 γε
504 2038 569 2120 μὴν
602 2037 657 2100 ἀπ’
686 2040 782 2120 αι’·τῆς
813 2039 926 2120 ταύτης
954 2039 1122 2119 δυνάμεως
1145 2039 1330 2121 ὁρμηθέντα

301 2147 466 2208 πεπεῖσθαι
506 2148 637 2226 γράφειν
671 2147 726 2215 τὰς
760 2148 977 2226 ἑτιγινομέτάς
1009 2147 1138 2225 πράξεις
1171 2147 1281 2216 καλῶς
1315 2149 1333 2209 ὃ

302 2255 458 2316 πὰιειστσι
484 2252 624 2334 Τίμαιος,
656 2254 761 2318 verba
793 2256 812 2316 ὃ
843 2255 1001 2316 πέπεισται
1031 2252 1159 2334 Τίμαιος
1182 2251 1332 2318 fortasse

303 2361 446 2426 delenda
470 2368 554 2425 sunt.

260 2489 342 2570 Pag.
370 2495 463 2569 867‚1
498 2489 571 2558 τοὺς
603 2489 637 2551 δὲ
667 2491 776 2570 πήχεις
808 2488 869 2570 εἶχε
901 2489 954 2551 καί
986 2487 1041 2557 τὰς
1072 2494 1179 2570 χεῖρας
1205 2489 1333 2570 πλήρεις

302 2599 443 2679 σιδηρῶν
466 2597 603 2678 γόμφων
628 2596 690 2660 ὑπὸ
708 2603 773 2666 τοῖς
790 2597 933 2678 ἱματίοις,
957 2597 1079 2678 ὁμοίως
1094 2595 1242 2659 καὶκατὰ
1258 2596 1332 2665 τοὺς

302 2706 441 2788 μαστοὺς
463 2705 531 2770 FP.

370 2832 581 2898 Describitur
615 2833 747 2895 εἴδωλον
780 2830 862 2896 illud
898 2837 1084 2912 γυναικεῖον,
1126 2850 1187 2910 quo
1227 2832 1332 2896 Nabis

303 2941 640 3006 Lacedaemoniorum
665 2944 825 3020 tyrannos
843 2940 885 3003 ad
904 2939 1105 3018 torquendos
1130 2939 1332 3005 interficien-

303 3050 427 3128 dosque
464 3047 613 3113 homines
652 3067 732 3113 usus
771 3054 833 3111 est.
893 3047 966 3110 Hoc
1001 3048 1089 3128 loeo,
1123 3066 1194 3111 eum
1228 3048 1332 3113 verba

302 3159 423 3238 ὁμοίως
445 3158 497 3218 καὶ
522 3157 600 3218 κατὰ
624 3157 697 3226 τοὺς
718 3155 857 3238 μαστοὺς
873 3157 1013 3236 abrupte
1031 3153 1123 3217 dicta
1139 3153 1207 3217 sint
1223 3173 1331 3236 neque

302 3267 437 3330 verbum
453 3265 514 3346 εἶχε
532 3265 677 3346 suppleri
694 3265 814 3346 possit,
838 3266 917 3328 κατὰ
942 3265 1116 3332 delendum
1141 3279 1218 3326 esse
1242 3273 1331 3346 puto.

260 3441 262 3444 ,
303 3375 413 3452 Atque
452 3393 493 3437 ex
525 3374 591 3446 καὶ,
628 3391 700 3437 cnm
734 3390 796 3452 quo
831 3391 932 3452 saepe
969 3373 1193 3454 confunditur,
1229 3373 1331 3440 facile

304 3481 383 3546 oriri
407 3481 524 3562 potuit.

258 3609 338 3689 Pag.
363 3613 480 3687 948‚13
512 3607 547 3669 τὸ
581 3606 615 3668 δὲ
647 3606 729 3686 πρὸς
761 3606 942 3680 ἀλαζονείαν
969 3607 1023 3669 καὶ
1045 3609 1218 3690 φαντασίαν
1243 3609 1329 3670 ἐπαι-

302 3717 456 3797 νούμενον
486 3716 540 3778 καὶ
573 3715 767 3798 ζηλούμεναν
790 3716 836 3784 ὡς
858 3718 940 3797 μέγα
963 3740 989 3777 τι
1012 3715 1066 3778 καὶ
1088 3717 1279 3796 θαυμάσιον,
1313 3718 1330 3778 ὃ

302 3824 355 3886 καὶ
387 3824 442 3905 τὴν
473 3823 670 3904 κατασκευὴν
698 3825 759 3903 ἔχει
786 3823 987 3905 ῥᾳδιεστέραν
1009 3823 1063 3885 καὶ
1085 3823 1141 3904 τὴν
1164 3822 1332 3906 εὐδόκησιν

303 3933 564 4013 ὀλιγοδεεστέραν,
588 3931 737 4010 καθάπερ
761 3932 794 3992 αἱ
815 3931 919 3994 λοιπαὶ
940 3935 1005 3993 τῶν
1028 3937 1163 4012 γραφῶν
1187 3930 1224 3995 Ρ.

369 4059 481 4123 Verba
505 4060 537 4121 αἱ
558 4058 662 4121 λοιπαὶ
685 4063 750 4120 τῶν
773 4063 908 4140 γραφῶν
926 4056 1085 4122 Reiskins
1104 4055 1153 4122 sio
1170 4056 1330 4137 explicat:

302 4167 431 4247 reliqna
456 4166 648 4246 scriptionis
674 4185 813 4248 genera,
837 4171 874 4231 ut
898 4172 975 4231 sunl
997 4165 1143 4230 carmina
1160 4166 1329 4233 orationes

303 4275 565 4356 disputationem,
599 4294 681 4354 quae
711 4273 819 4339 omnia
843 4273 1059 4339 conferuntur
1082 4293 1155 4340 oum
1178 4273 1330 4342 historia

304 4385 369 4452 Sed
394 4385 473 4450 talis
498 4384 589 4450 notio
614 4383 670 4449 vix
694 4382 811 4450 infami
834 4385 958 4466 potest.
