2906 4834
673 211 804 272 „53
861 247 889 252 „

277 401 365 470 'veri
398 402 504 470 simile
537 423 602 472 uun
637 409 701 470 esi.
748 405 848 472 Immo
882 405 986 486 primu
1020 424 1153 474 numeru
1186 404 1324 486 pedites

291 507 473 592 significati
507 529 584 578 esse
617 510 783 592 videnlur,
817 516 854 578 ut
888 512 989 580 etiem
1022 511 1327 594 Schweighaeuser

290 617 408 684 vertit:
433 617 566 699 pedites
591 618 634 686 ed
658 625 734 686 οο1ο
759 619 864 702 milia,
889 619 1020 701 equites
1045 619 1088 688 eil
1112 619 1325 702 quingentos.

289 779 292 784 .
356 725 429 808 Qua
450 725 503 794 ue
538 741 636 794 causa
663 731 741 810 pust
765 729 858 798 ὄντας
872 728 1030 798 ίοε1οοεο
1054 727 1169 802 πεζοὺς
1190 727 1250 810 μὲν
1273 727 1326 792 in·

289 833 543 899 serendumt
489 839 551 900 est.
854 855 856 862 ’
922 857 924 863 ·

244 941 325 1024 Peg.
345 941 778 1022 1300131110111111131110
796 945 910 1012 codiee
926 943 1121 1012 Monacensi
1136 969 1176 1008 ov
1165 945 1321 1015 πολλοῖς

256 1049 447 1129 .’,.ἀνώτερον
470 1051 596 1132 χρόνοις
617 1057 681 1116 τῶν
700 1052 901 1134 ἀλεχομένων
916 1058 1045 1133 καιρῶν.
1086 1051 1151 1118 Pro
1168 1045 1319 1134 ἀλεγομέ-

290 1179 364 1228 νων,
404 1156 489 1237 quod
527 1157 626 1238 plane
662 1158 781 1224 falsum
818 1164 884 1240 est,
924 1158 1131 1240 seripserunt
1168 1155 1318 1226 editores

287 1264 488 1345 λεγομένοιν
526 1264 593 1332 Sed
615 1264 650 1332 in
673 1289 692 1330 α
717 1265 840 1346 aliqum
864 1266 974 1335 lutere
997 1264 1156 1332 videtum
1179 1265 1319 1347 Semper

289 1370 375 1440 euim
398 1371 481 1440 uicit.
503 1372 661 1456 Polybius
685 1375 715 1438 oi
737 1381 794 1438 νῦν
812 1374 977 1456 λεγόμενοι
999 1375 1113 1455 καιροί,
1137 1373 1315 1455 conisus

289 1480 321 1542 οί
340 1480 466 1550 πολλοῖς
490 1481 649 1562 ἀνώτερον
671 1482 799 1562 χρόνοις
821 1487 886 1547 τῶν
909 1487 966 1544 νῦν
988 1481 1169 1562 λεγομένων
1188 1487 1312 1562 καιρῶν

292 1593 407 1668 19613
424 1587 503 1650 κατὰ
519 1573 592 1658 τοὺς
607 1595 663 1652 νῦν
679 1589 868 1671 λεγομένους
883 1588 1026 1670 καιροὺς·
1067 1589 1153 1659 Item
1172 1594 1321 1669 1269,16‚

280 1698 418 1777 iesse,
444 1701 593 1777 iemps.

356 1805 476 1884 Imque
493 1803 707 1884 hoe-quoque
730 1805 891 1870 1οοοτῶν
914 1811 971 1870 νῦν
994 1805 1174 1886 λεγομένων
1197 1812 1322 1887 καιρῶν

291 1910 521 1992 corrigendum
547 1915 610 1978 est.

246 2019 327 2100 Peg.
347 2023 461 2102 lump
478 2018 551 2089 τοὺς
561 2019 620 2102 μὲν
632 2018 696 2101 γὰρ
707 2020 868 2090 πλείστους
883 2021 996 2103 σχεάἀν
1013 2023 1155 2093 ἅπαντας
1169 2023 1189 2085 ἀ
1204 2023 1321 2106 χρόνος

289 2127 350 2208 ἥάη
374 2128 589 2209 τιοτηνολώιιει
612 2127 685 2197 τούς
709 2152 743 2208 χε
767 2129 805 2210 δὴ
829 2129 883 2194 κοί
905 2131 1034 2218 μνήμης
1049 2131 1157 2203 ἀξίους
1172 2129 1208 2196 Ο.
1247 2131 1321 2200 τοὺς

288 2233 448 2304 πλείστους
469 2235 583 2317 σχεδὸν
600 2236 746 2306 ἅπαντας
768 2235 916 2317 ineptam
940 2257 1016 2304 0030
1034 2236 1231 2318 scripiurilm
1253 2236 1319 2304 iam

288 2341 399 2412 Neber
417 2341 566 2408 sensisse
580 2342 722 2425 videtur,
742 2343 797 2424 qui
813 2343 958 2413 coniecit
973 2345 1086 2428 σχεδὸν
1098 2345 1159 2426 γὰρ
1170 2347 1319 2419 ἅπαντας,

268 2450 316 2512 εί
338 2449 379 2514 ἀὲ.
394 2451 439 2532 μή
465 2474 508 2531 γε,
530 2451 603 2522 τοὺς
625 2451 792 2522 πλείστους.
839 2452 913 2534 Ego
939 2451 1068 2533 quidem
1084 2471 1144 2534 pro
1160 2453 1320 2522 πλείστους
1447 2469 1448 2514 3

288 2557 355 2625 leui
381 2559 635 2624 commutatione
660 2559 754 2626 faeta
775 2560 904 2630 λοιποὺς
928 2559 1070 2641 comicie,
1094 2560 1183 2640 quod*
1197 2559 1318 2642 optime

268 2666 333 2734 ud
356 2670 470 2736 1ο1οοο
487 2666 689 2736 seutentiam
711 2667 862 2747 quadrat.

246 2774 327 2856 Pil-g.
362 2779 498 2854 198531
534 2775 576 2838 ἔτι
606 2775 726 2856 μᾶλλον
758 2777 874 2857 ἠπίστει
906 2777 944 2840 τὰ
975 2776 1127 2859 λεγόμενα
1159 2775 1230 2857 περὶ
1262 2781 1318 2838 τοῦ

288 2880 453 2963 Προυσίου
470 2880 537 2948 011.
576 2881 643 2950 Sed
658 2881 773 2964 ineis,
796 2903 879 2962 quae
897 2883 1113 2964 antemium,
1132 2882 1316 2954 subiectum

289 3009 420 3071 semper
442 2989 478 3056 in
500 3009 634 3060 numere
658 2989 778 3071 plurali
799 2990 984 3060 adhibitum
1008 2996 1075 3072 esi,
1106 2994 1144 3055 ο1
1165 3007 1196 3058 ν.
1224 2995 1265 3062 14
1289 2991 1320 3053 οἱ

284 3098 323 3161 ἀὲ
346 3099 380 3162 ἐν
399 3105 438 3182 ,τῇ
458 3097 566 3181 Ῥώμη
592 3119 645 3132 ···
670 3099 709 3164 οὗ
732 3105 909 3180 προσεῖχον,
934 3097 999 3164 ἀλλ’
1024 3099 1188 3166 ὑπενόουν.

341 3205 1317 3289 Ι1οοοε1011οοοεοεὶ1εῐιιίοιοεε1ἠπιατεῖτα,οοοί.1307,31,

288 3313 344 3380 ubi
381 3316 476 3380 recle
511 3313 650 3385 ἐξελύετο
687 3319 725 3394 τῇ
763 3319 852 3395 ψυχῇ
886 3312 1043 3380 Valesius
1084 3311 1222 3394 scripsit
1256 3331 1317 3462 pro

289 3421 393 3494 ἐξέλυε
415 3427 452 3502 τῇ
472 3427 565 3503 ψυχῇ
582 3421 624 3484 P.
860 3467 862 3476 ·

346 3533 418 3608 729,
422 3519 463 3594 98
479 3534 534 3609 τῆς
545 3527 606 3608 γὰρ
618 3527 790 3598 ἐλπίδος·
808 3529 890 3593 οάιι
912 3530 1142 3612 ἀπιστουμένης
1165 3457 1315 3612 ἀλλήλοις.

243 3636 325 3718 Pag
352 3640 467 3716 1325,1
503 3636 557 3700 καὶ
590 3658 654 3700 τοιν
685 3659 744 3717 μον
777 3637 911 3718 ὁμήρων
934 3638 1070 3702 ἐκεῖσε’
1054 3637 1264 3720 υπορχόντων
1287 3637 1319 3698 οἱ

288 3743 452 3826 στρατηγοὶ
474 3743 732 3825 κοτήχάησανί
703 3767 746 3812 ες
767 3744 824 3825 τὴν
846 3751 900 3826 τῆς
918 3743 1038 3827 Ἰτύκης
1060 3745 1164 3828 ἀκρον
1180 3742 1217 3825 O,
1240 3762 1315 3810 ver·

287 3853 363 3920 bum
385 3851 594 3932 ὑπαρχόντων
622 3851 684 3916 1οο
708 3850 787 3918 1οοο
806 3871 867 3932 per
891 3871 929 3918 se
952 3851 1067 3920 mirum
1092 3855 1160 3932 esi,
1194 3850 1315 3918 deinde

287 3957 380 4024 hiatu
404 3963 547 4040 augetur
571 3957 719 4023 offensio.
765 3959 884 4038 ltaque
910 3980 970 4041 pru
999 3960 1209 4042 ὑπαρχόντων
1232 3958 1314 4028 scri-

287 4065 429 4134 bendum
454 4084 531 4134 esse
555 4065 689 4134 videtur
711 4067 952 4149 παραχθέντων.

355 4171 446 4240 (lons.
473 4177 609 4254 lusum
635 4173 690 4256 τὴν
712 4174 773 4256 μὲν
789 4173 846 4240 οὗν
861 4176 965 4256 ἀκρον
979 4177 1102 4246 εὐθέως
1117 4177 1315 4260 παραλαβὼν

286 4282 305 4350 ὁ
329 4281 503 4366 στρατηγὸς
524 4279 597 4352 τοὺς
620 4281 788 4352 πελταστὰς
810 4283 852 4351 εἰς
876 4283 973 4365 αὐτὴν
995 4283 1185 4368 παρήγαγεν.

619 4459 679 4466 .......
700 4445 863 4479 ,ψ
883 4459 906 4465 --
923 4457 935 4465 -
1003 4423 1006 4432 ’
