2854 4834
745 821 824 931 VI.

312 1041 425 1107 -Venio
450 1060 536 1106 nunc
561 1041 603 1106 ad
623 1041 707 1107 alias
728 1042 884 1122 quasdam
901 1041 1077 1123 archetypi
1092 1039 1327 1122 proprietates

317 1148 515 1214 Hultschius
540 1147 709 1215 Fleckeis.
735 1169 809 1215 ann.
837 1156 921 1214 1867
946 1170 1021 1232 pag.
1048 1155 1111 1214 292
1137 1149 1327 1230 suspicatus

253 1263 306 1322 est
338 1275 506 1322 numerum
534 1256 722 1322 litterarum
750 1257 784 1322 in
810 1258 950 1340 singulis
975 1257 1151 1340 archetypi
1171 1257 1327 1324 uersibus

254 1365 391 1430 circiter
416 1365 554 1430 eundern
577 1365 683 1431 fuisse
709 1372 809 1446 atque
833 1367 868 1431 in
893 1366 1008 1432 codice
1033 1366 1197 1432 Vaticano
1223 1367 1264 1448 A,
1295 1366 1328 1432 id

251 1478 305 1538 est
338 1472 460 1554 viginti
495 1472 633 1537 circiter
670 1473 865 1539 litterarum.
923 1471 1033 1558 (Ocni.
1069 1479 1163 1555 155,3
1200 1472 1328 1561 aicirobc
1417 1505 1418 1516 ι

294 1581 554 1662 λακεὸαιμονίους
576 1603 656 1664 προ·
671 1578 673 1667 i
687 1583 835 1664 λαβόντες
858 1582 888 1646 Α
912 1601 972 1662 pro
996 1583 1025 1644 εἰ
1044 1582 1117 1652 τοὺς
1139 1583 1327 1664 λακεὸαιμο-

295 1691 380 1760 νίοος
403 1691 644 1772 προσλαβόντας
645 1691 670 1773 )

363 1796 466 1880 Quam
490 1798 714 1864 coniecturam
739 1798 913 1879 permultis
930 1796 1135 1880 argumentis
1153 1801 1326 1879 probatam

294 1906 424 1989 inveni,
450 1925 583 1986 quorum
607 1908 692 1972 haec
716 1911 843 1972 tanturn
867 1905 1018 1971 efferam:
1141 1941 1142 1948 ι

252 2015 333 2097 Peg.
357 2020 476 2096 469,12
501 2017 651 2095 περιδεεῖς
674 2015 762 2098 ἦσαν,
786 2017 853 2097 ἅμα
878 2015 912 2078 δὲ
935 2013 988 2078 καὶ
1010 2015 1081 2096 περὶ
1103 2022 1157 2098 τῆς
1177 2016 1326 2100 ἀντιπέρα

295 2124 498 2205 παρεμβολῆς
525 2123 589 2186 ὑπὸ
613 2124 768 2206 τὴνόψιν
791 2125 889 2206 οὔσης
913 2122 983 2203 AR,
1006 2123 1077 2204 περὶ
1102 2141 1143 2187 ex
1166 2125 1325 2205 περιδεεῖς,

296 2231 382 2311 quod
416 2229 553 2295 eundem
585 2249 705 2296 versus
737 2229 969 2296 antecedentis
1003 2230 1109 2295 locum
1143 2227 1326 2311 obtinebat

293 2333 474 2420 repetitum
498 2337 625 2404 delevit
648 2337 798 2404 Ursinus,

249 2448 329 2529 Pag.
356 2451 473 2527 50935
493 2445 547 2509 τὸν
564 2446 598 2509 δὲ
608 2442 849 2533 ,προειρημένον
864 2450 983 2531 τρόπον
999 2447 1207 2536 αῐλφάλαγγες
1223 2451 1325 2532 AFR,

295 2555 329 2618 δὲ
352 2559 431 2636 post
454 2555 486 2617 ai
509 2553 529 2618 i.
555 2573 582 2618 e.
606 2573 669 2619 uno
691 2556 865 2638 archetypi
882 2575 982 2624 versu
999 2557 1189 2624 intermisso
1215 2564 1325 2624 trans·

294 2661 408 2744 posuit
431 2663 617 2728 Bekkerus.

249 2770 331 2852 Peg.
358 2774 475 2850 75434
491 2771 544 2832 καὶ
560 2789 601 2834 ex
617 2769 729 2851 priore
746 2773 811 2844 καὶ,
838 2772 923 2852 quod
940 2773 1078 2838 eundem
1094 2793 1214 2839 versus
1231 2780 1325 2841 ante-

294 2877 447 2942 cedentis
463 2878 569 2941 locurn
588 2876 769 2960 obtinebat,
786 2880 965 2960 repetitum
980 2881 1326 2947 delevitHultschius

250 2988 330 3067 Pag.
357 2989 473 3057 79536
498 2985 651 3064 ἐπιβάλλει
675 2985 847 3067 Reiskius,
879 2988 1034 3070 ἐπιβαλεῖν
1058 2988 1112 3053 Fs
1136 2988 1235 3068 idque
1260 3009 1325 3055 non

202 3164 204 3169 y
290 3095 353 3158 hoc
368 3093 451 3173 loco,
465 3093 524 3158 sed
537 3097 615 3174 post
632 3093 732 3176 ἀρχὰς
744 3113 863 3160 versus
878 3096 988 3176 spatio
1003 3118 1022 3161 a
1036 3116 1096 3161 suo
1107 3097 1181 3162 loco
1191 3102 1325 3164 motum.

246 3201 327 3282 Peg.
349 3206 466 3280 83138
483 3201 587 3274 αὐτὸν,
613 3202 698 3281 quod
715 3221 756 3266 ex
772 3203 869 3286 αὐτὴν
884 3203 1064 3284 repetitum
1083 3222 1159 3268 esse
1176 3203 1324 3284 videtur,

293 3307 420 3372 delevit
443 3307 628 3374 Bekkerus.

248 3417 328 3496 Peg.
353 3420 469 3496 83],11
495 3418 572 3497 μίαν
588 3417 766 3498 repetitum
792 3437 832 3482 ex
856 3425 930 3500 μιᾶς
955 3418 1017 3482 del.
1041 3417 1265 3486 Casaubonus.

245 3525 326 3606 Peg.
362 3527 480 3604 85433
518 3549 597 3588 κατα
633 3525 811 3608 repetitum
849 3546 890 3590 cx
925 3525 1036 3608 priore
1075 3525 1154 3589 κατὰ
1195 3525 1326 3593 delevit

292 3630 478 3696 Bekkerus.

248 3739 328 3820 Pag.
354 3745 472 3818 92734
502 3742 662 3824 ἐπείρασεν
685 3741 874 3808 Dindorfius
904 3763 963 3824 pro
993 3745 1199 3824 ἕνεπείρασεν,
1238 3743 1326 3824 quod

292 3867 332 3911 ex
359 3847 511 3926 sequenti
535 3850 710 3911 ε’·ναπέθανε
735 3855 840 3914 orturn
866 3856 926 3915 est.

245 3959 326 4038 Peg.
352 3962 470 4037 973,19
499 3958 543 4039 μὴ
572 3959 767 4040 βουλόμενος
791 3959 825 4021 δὲ
848 3966 911 4029 τοῖς
934 3961 1037 4030 ἄλλοις
1059 3959 1103 4041 μὴ
1130 3959 1235 4022 δοκεῖν
1259 3959 1326 4040 FS,

288 4067 333 4149 μὴ
361 4067 500 4130 alterurn
525 4065 651 4131 delevit
674 4066 872 4132 Dindorfius.

245 4175 328 4255 Pag.
349 4179 483 4254 118731
504 4175 601 4237 αἰτίαν
617 4174 753 4241 Geelius
770 4195 829 4257 pro
847 4177 952 4259 ὁρμὴν
967 4174 1147 4256 repetitum
1165 4193 1206 4238 ex
1219 4193 1325 4242 uersu

291 4300 465 4363 superrorr.
