2854 4834
631 761 693 870 Π.

190 979 226 1044 Si
249 978 372 1060 primos
390 978 531 1060 quinque
548 978 652 1044 libros
670 982 870 1059 spectamus,
893 977 927 1042 in
945 977 1060 1042 codice
1079 977 1118 1058 A,
1143 977 1196 1056 qui

122 1086 266 1168 optimus
289 1091 343 1151 est
357 1085 489 1168 Polybii
507 1085 621 1167 codex,
644 1085 757 1150 multis
774 1084 859 1150 locis
877 1085 990 1150 varias
1009 1083 1197 1164 scripturas

121 1192 308 1259 invenimus
324 1193 430 1274 prima
445 1211 543 1258 manu
560 1193 716 1274 scriptae.
750 1191 841 1274 Quas
861 1191 1017 1257 Vaticani
1042 1193 1071 1255 A
1096 1191 1197 1257 libra-

121 1300 206 1366 rium
231 1319 273 1365 ex
297 1320 355 1367 suo
380 1300 515 1384 ingenio
534 1300 703 1366 addidisse
720 1320 781 1381 per
798 1320 834 1366 se
853 1298 1036 1365 verisimile
1053 1317 1118 1363 non
1136 1304 1198 1379 est,

123 1427 195 1473 cum
212 1413 347 1474 constet
363 1409 453 1474 illurn
468 1409 551 1474 mira
569 1428 640 1474 cnm
663 1407 728 1473 fide
746 1393 915 1488 exemplar
933 1425 1025 1472 suum
1050 1405 1197 1487 descrip-

123 1515 220 1580 sisse.
258 1514 394 1580 Deinde-
407 1535 479 1581 cum
497 1515 597 1581 etiarn
613 1515 647 1580 in
664 1518 896 1595 excerptorum
918 1513 1098 1594 codicibus
1116 1531 1198 1593 quos

124 1643 165 1688 ex
192 1623 306 1688 eodem
331 1621 424 1688 fonte
450 1628 550 1704 atque
575 1623 773 1688 Vaticanum
793 1620 931 1686 fluxisse
949 1620 1099 1702 vidimus,
1122 1639 1197 1700 per-

122 1721 245 1795 multae
275 1711 391 1794 uariae
422 1729 609 1810 scripturae
642 1729 867 1810 inveniantur,
900 1728 974 1795 veri
1008 1727 1114 1793 simile
1145 1734 1198 1792 est

123 1837 224 1904 ctiam
249 1836 375 1902 codicis
401 1836 558 1902 Vaticani
582 1841 612 1902 A
635 1836 750 1903 varias
786 1837 970 1918 scripturas
1005 1836 1046 1901 ad
1081 1836 1197 1900 arche-

124 1951 237 2028 typum
261 1945 458 2011 referendas
490 1963 576 2010 esse.
617 1944 730 2030 (Gonf.
753 1945 907 2010 Hultsch.
932 1942 1100 2020 Fleckeis.
1115 1949 1197 2008 ann.

124 2060 209 2119 1867
226 2073 302 2135 pag.
321 2059 398 2118 290:
416 2073 453 2118 es
471 2054 612 2119 standon
629 2103 635 2117 .
653 2103 659 2118 .
677 2103 684 2117 .
702 2054 804 2119 schon
820 2052 864 2117 ini
874 2051 1023 2134 Original
1040 2051 1197 2132 doppelte

122 2161 303 2242 besarion,
327 2160 405 2225 teils
423 2161 721 2244 Verbesserungen
744 2161 830 2225 nach
855 2159 948 2224 einer
965 2158 1089 2223 andern
1106 2159 1198 2224 alten

121 2267 354 2350 Handschrift‚
377 2268 456 2334 teils
481 2267 711 2352 Conjecturen.
758 2267 863 2332 Diese
888 2266 982 2349 giebt
998 2266 1047 2332 A¹
1064 2266 1199 2349 wieder,

121 2375 202 2440 teils
226 2373 335 2440 indem
361 2395 397 2440 er
421 2375 475 2440 die
500 2375 622 2441 zweite
646 2376 771 2440 Lesart
795 2376 877 2440 iiber
901 2373 955 2440 die
980 2380 1085 2456 erste,
1117 2374 1197 2440 teils

121 2482 232 2548 indem
258 2501 294 2547 er
317 2483 416 2549 beidc
440 2485 550 2549 neben
575 2483 734 2549 einander
757 2483 791 2549 in
814 2483 879 2549 den
903 2483 992 2548 Text
1016 2482 1198 2569 schreibt).

190 2968 302 3047 Atque
335 2967 474 3048 primunr
507 2967 637 3048 quidem
671 2969 705 3032 in
739 2968 854 3034 codice
883 2967 1048 3034 Vaticano
1077 2968 1198 3033 multos

119 3076 214 3140 locos
239 3074 438 3156 invenimus
463 3075 518 3141 ubi
544 3075 730 3156 scripturae
759 3095 820 3157 per
849 3075 966 3142 calami
989 3077 1117 3156 lapsum
1142 3080 1199 3140 aut

121 3201 270 3248 errorem
294 3181 424 3246 librarii
446 3201 511 3247 non
534 3188 629 3248 recte
653 3183 845 3264 descriptae
871 3188 1045 3248 correctae
1071 3191 1160 3248 sunt:

119 3290 204 3371 Pag.
220 3293 294 3370 40,7
311 3289 496 3372 τηλικαύτην
512 3289 606 3352 ε’ποίει
622 3289 780 3372 διαφορὰν
795 3291 881 3372 παρὰ
895 3279 951 3372 τὴν
966 3296 1030 3353 τῶν
1045 3291 1200 3372 πρότερον

168 3403 350 3480 στρατηγῶν
366 3399 519 3479 ἇπειρίανε
538 3397 691 3479 πρότερον
709 3402 743 3462 et
759 3401 924 3480 προτέρων
934 3399 965 3462 Α
978 3417 1038 3479 per
1053 3398 1199 3482 dittogr,

166 3506 334 3586 προτέρων
349 3505 392 3586 R,
418 3504 565 3570 correxit
588 3506 743 3587 πρότερον
758 3503 1022 3584 Hultsuh.,c011s.
1035 3526 1110 3588 pag.
1126 3513 1197 3589 736

166 3621 214 3695 τῷ
236 3613 391 3694 πρότερον
414 3615 470 3676 ἔτει
492 3621 547 3696 τῆς
569 3620 634 3676 τῶν
656 3613 810 3677 Γαλατῶν
833 3614 953 3696 ἐφόδου
970 3614 1041 3678 AR.
1079 3620 1197 3696 306,18

165 3720 240 3791 τοὺς
267 3717 302 3784 da
325 3729 381 3784 τοῦ
404 3722 558 3803 πρότερον
583 3723 670 3792 ἔτους
693 3724 855 3805 ἄρχοντας.
904 3728 996 3803 alal
1024 3724 1070 3793 ὡς
1094 3724 1198 3787 οὐδενὶ

165 3835 231 3921 τῷν
269 3829 424 3910 πρότερον
461 3830 623 3912 βασιλέων.
686 3834 817 3911 1164,7’
838 3837 876 3913 τῇ
913 3831 1068 3912 πρότερον
1101 3831 1197 3895 αὐτοῦ

168 3937 310 4020 συστολῇ.

117 4045 205 4127 Pag.
223 4049 318 4126 7832
337 4045 445 4127 διόπερ
457 4047 524 4128 ἅμα
536 4053 582 4128 τῷ
594 4045 799 4128 συλλεχθῆναι
815 4047 933 4116 πάντας
949 4047 991 4115 εἷς
1006 4045 1062 4127 τὴν
1075 4045 1198 4108 Σίππαν

166 4153 208 4234 R,
232 4154 353 4217 σύκκαν
378 4158 413 4218 et
437 4155 547 4216 σίκκαν
563 4153 594 4218 Α
610 4173 671 4234 per
688 4153 957 4236 dittographiam.
1002 4151 1093 4218 Ocni.
1110 4171 1199 4217 vers.

169 4267 221 4342 10,
244 4261 300 4327 ubi
324 4278 433 4326 casaur
458 4262 548 4346 (sine
574 4261 734 4347 accentu)
760 4263 804 4343 A,
828 4263 961 4325 σικελίαν
983 4260 1090 4341 BDE,
1115 4279 1199 4325 corr.

167 4365 243 4434 ΟΕ2
268 4373 303 4434 et
325 4387 400 4452 pag.
426 4373 520 4450 7739
546 4371 588 4440 εἴς
610 4393 676 4433 τινα
699 4369 789 4433 πόλιν
808 4368 864 4451 τὴν
879 4369 1199 4451 προσαγορευομένην
