2906 4834
649 1033 685 1142 Ι.

197 1267 405 1334 Communem
423 1289 500 1336 esse
517 1269 644 1335 fontem
662 1288 773 1334 eorum
791 1269 948 1352 codicum,
970 1270 1087 1351 quibus
1108 1269 1204 1352 primi

130 1375 274 1456 quinque
286 1377 419 1458 Polybii
435 1378 512 1444 libri
531 1377 756 1458 continentur,
772 1376 1047 1444 iamHultschius
1061 1377 1204 1463 (quaest.

128 1484 154 1548 I.
177 1502 254 1565 pag.
279 1481 313 1568 3)
340 1483 487 1550 coniecit
511 1503 553 1551 ex
577 1485 703 1550 duobus
727 1484 812 1550 locis
839 1483 929 1570 (pag.
947 1492 966 1550 2
983 1505 1085 1551 versu
1103 1491 1144 1550 30
1170 1491 1205 1551 et

128 1611 160 1672 p.
181 1597 209 1672 3,
231 1610 262 1656 v.
287 1590 358 1675 19),
379 1593 434 1657 ubi
465 1592 590 1658 eisdem
613 1592 743 1658 lacunis
769 1593 903 1658 codices
920 1594 1017 1658 AMR
1040 1594 1204 1658 laborant.

129 1699 242 1778 Atque
266 1699 300 1764 in
325 1699 473 1767 editione
499 1719 560 1766 sua
585 1706 620 1766 ot
639 1700 674 1764 in
689 1700 908 1766 Fleckeiseni
924 1701 1098 1766 annalibus
1118 1707 1202 1766 1867

128 1806 215 1872 idem
238 1806 292 1872 vir
316 1807 434 1873 doctus
460 1808 501 1873 de
532 1801 658 1873 codice·
678 1808 817 1888 quodam
850 1809 1033 1890 archetypo
1067 1809 1203 1890 saepius

127 1915 235 1980 verba
257 1915 355 1998 iacit,
380 1915 472 1981 cuius
489 1935 645 1981 versuum
661 1915 923 1997 magnitudinem
941 1915 1080 1981 eandem
1095 1915 1203 1982 fuisse

130 2040 225 2101 quam
250 2023 376 2088 codicis
401 2023 558 2089 Vaticani
583 2025 613 2089 A
638 2029 757 2105 argute
786 2023 944 2104 probavit
978 2024 1034 2108 (de
1069 2043 1134 2104 qua
1165 2043 1202 2089 re

129 2135 279 2196 extrema
302 2130 398 2196 huius
423 2131 674 2197 dissertationis
691 2135 789 2212 parte
806 2130 929 2216 agam).
975 2131 1100 2196 Fusius
1120 2151 1201 2197 vero

127 2237 305 2319 rationem,
335 2257 418 2318 quae
440 2237 530 2302 inter
554 2237 689 2304 codices
706 2237 909 2318 Polybianos
926 2237 1124 2320 intercedit,
1145 2247 1213 2303 no·'

127 2343 285 2410 vissimus
308 2345 441 2426 Polybii
466 2346 575 2411 editor
597 2345 935 2411 Buttnor-Wobstius
959 2345 1201 2427 praefactionis

126 2470 203 2534 pag.
220 2451 354 2517 LXXII
369 2452 419 2517 ita
435 2453 600 2520 definivit:
621 2453 791 2536 „Omnium
807 2504 813 2516 .
831 2503 837 2516 .
855 2504 862 2518 .
879 2453 1051 2519 codicum.
1070 2503 1075 2518 .
1094 2503 1100 2518 .
1116 2472 1200 2518 unus

129 2564 183 2624 est
214 2559 304 2624 fons:
342 2560 449 2625 codex
485 2563 688 2644 archetypus
723 2567 802 2627 ante
838 2562 1006 2627 sacculum
1040 2562 1202 2628 decimum

128 2667 340 2748 conscriptus
357 2687 466 2748 neque
482 2668 672 2733 lacunarum
687 2688 795 2749 noque
813 2669 1052 2752 glossematum
1069 2689 1201 2751 expers

128 2793 146 2840 1
172 2793 235 2854 quo
261 2775 424 2856 descripti
442 2795 519 2842 esse
536 2775 694 2842 videntur
708 2775 933 2843 vetustissimi
949 2776 998 2841 illi
1014 2776 1091 2843 libri
1106 2776 1200 2842 Vati-

127 2881 202 2948 cani
228 2880 334 2968 (AM).
381 2883 434 2949 Ex
450 2883 615 2949 Vaticano
634 2882 692 2969 (Α)
710 2885 817 2949 denuo
843 2890 878 2949 et
902 2883 1117 2950 Florentinus
1142 2883 1199 2969 (B)

127 2994 163 3054 et
174 2988 317 3055 Urbinas
332 2990 391 3076 (F)
409 2991 519 3072 fluxit3
536 2991 763 3058 recentissimi
781 2997 816 3057 ot
830 2993 944 3058 multis
963 2993 1200 3059 emendationi-

125 3097 187 3161 bus
210 3096 426 3162 contaminati
452 3103 530 3163 sunt
555 3098 689 3164 codices
705 3098 892 3165 Bavaricus
909 3099 961 3184 (O)
980 3101 1200 3184 Augustanus

129 3201 188 3288 (D)
214 3203 342 3287 Regius
367 3206 396 3269 A
424 3198 482 3292 (Ε)
509 3209 593 3272 etc.“

194 3311 338 3394 Quorum
362 3312 511 3380 codicum
535 3334 734 3380 communem
765 3336 842 3382 esse
875 3318 1002 3383 iontem
1027 3319 1199 3400 compluri-

124 3420 187 3484 bus
212 3418 373 3500 exemplis
397 3420 650 3487 demonstravit.

192 3527 272 3592 Mihi
309 3527 438 3606 quidem
471 3527 537 3593 iam
570 3529 662 3610 prius
693 3549 789 3610 quam
811 3533 966 3598 Biittneri
994 3533 1096 3599 editio
1120 3533 1199 3598 mihi

124 3639 261 3716 praesto
297 3641 398 3717 esset,
430 3655 627 3717 persuasum
661 3642 736 3703 erat
770 3658 883 3705 omnes
914 3641 1042 3706 omnino
1066 3641 1199 3723 Polybii

125 3741 259 3808 codices
285 3748 320 3808 et
343 3743 500 3808 librorum
526 3743 667 3825 quinque
692 3744 884 3830 primorum,
910 3735 964 3828 qui
979 3749 1106 3831 integri
1130 3769 1198 3815 ser-

124 3849 195 3915 vati
222 3855 299 3915 sunt
329 3849 431 3936 (AR),
457 3856 493 3916 et
518 3857 750 3934 excerptorum
774 3852 986 3920 Constantini
1010 3857 1197 3939 Porphyro-

124 3957 263 4039 genncti
300 3957 480 4044 (MNOPQ)
517 3964 553 4024 ct
588 3965 833 4043 excerptorum,
869 3982 953 4043 quae
989 3963 1105 4030 codice
1136 3964 1198 4029 Ur-

123 4063 238 4130 binate
257 4064 316 4150 (F)
335 4066 560 4149 continentur,
577 4067 619 4132 ad
638 4087 736 4133 unum
759 4070 976 4151 archetypum
997 4071 1196 4138 referendos

125 4191 212 4238 esso.
259 4171 353 4254 Quod
378 4173 509 4238 dubium
533 4193 610 4239 esse
634 4175 750 4255 nequit
773 4175 826 4242 his
851 4178 1017 4257 spectatis
1042 4179 1140 4245 locis:

190 4277 328 4344 Eisdem
352 4279 480 4345 lacunis
504 4281 601 4345 ΑΜΕ
627 4301 701 4364 pag.
727 4288 799 4364 2,30
825 4289 860 4349 et
883 4305 913 4366 p.
941 4290 1012 4364 3‚19
1040 4287 1195 4354 laborare

121 4387 188 4453 iam
212 4405 313 4468 supra
336 4387 487 4454 vidimus.
