2854 4834
520 169 738 232 ..23.-

137 383 177 430 cx
212 381 314 430 versu
349 367 405 444 20,
439 361 599 442 πολεμίων
634 365 744 426 autem
780 360 916 442 antiqua
953 366 988 427 et
1023 361 1168 444 genuina

138 473 312 554 scriptura.

202 579 371 646 Hultschii
401 579 571 646 sententia
598 579 775 646 adiuvatur
798 581 912 647 verbis
937 579 1167 646 antecedenti·

136 689 197 754 bus
221 707 252 754 v.
279 686 406 769 1a‚ubi
431 686 569 752 similem
592 686 627 752 iu
649 687 778 754 modum
803 687 925 754 dictum
950 693 1005 754 est
1027 689 1081 758 τὰς
1104 695 1170 752 τῶν

136 797 261 878 θηρίων
285 796 551 877 συγκαταοτάοεις.
1114 851 1116 855 .

205 902 350 984 Simplex
383 901 551 984 genitivus
586 907 697 970 autem
730 903 858 970 cuidam
893 903 1076 985 displicuit,
1114 904 1168 984 qui

136 1013 307 1094 πολεμικῆς
340 1010 495 1076 correxit.
551 1011 663 1090 Atque
697 1015 790 1078 certe
823 1011 889 1077 iarn
921 1010 956 1077 iu
985 1013 1168 1094 archetypo

136 1142 235 1201 εμιων
263 1117 297 1184 in
320 1120 413 1184 ἐνίων
437 1123 625 1200 corruptum
658 1123 745 1200 erat,
779 1119 865 1200 quod
893 1137 1005 1186 omnes
1032 1118 1167 1186 codices

137 1229 200 1296 boo
225 1227 420 1294 vocabulum
444 1225 611 1292 exhibent.

159 1497 246 1564 Aliis
270 1496 354 1563 locis
372 1497 406 1563 in
423 1499 606 1580 archetypo
623 1498 779 1564 librarius
795 1519 860 1564 non
878 1498 1047 1582 corrigere
1065 1500 1170 1565 verba

96 1606 225 1688 tradita,
244 1606 303 1672 sed
322 1606 489 1687 explicare
506 1606 654 1672 voluisse
671 1605 804 1672 videtur
821 1591 1024 1694 glossemate
1042 1605 1169 1670 addito:

96 1715 173 1796 Pag.
209 1719 304 1795 6735
338 1714 519 1796 προσόδους
552 1713 585 1776 δὲ
618 1715 722 1784 πάσας
754 1715 814 1795 ἔχει
846 1713 964 1795 τριττάς
997 1713 1165 1794 δνοχερεῖςι

136 1819 290 1908 τρεῖςίτάς
313 1821 375 1886 AR
398 1821 459 1888 has
484 1821 658 1904 archetypi
685 1821 868 1904 scripturas
893 1821 1059 1888 indicans:

137 1938 217 2013 τρεῖς

137 2038 263 2121 τριττὰς.

204 2147 256 2212 De
291 2147 462 2212 vocabulis
497 2148 612 2229 τριττάς
646 2152 681 2213 ct
714 2149 812 2218 διττός
846 2167 946 2229 saepe
982 2169 1001 2213 a
1030 2148 1169 2230 Polybio

138 2253 308 2335 usurpatis
323 2253 408 2319 conf.
422 2259 517 2335 3132
531 2254 644 2326 διττὰς,
663 2257 757 2335 748,6
773 2255 892 2336 τριτταὶ,
914 2260 1053 2337 luebat
1067 2256 1169 2330 διτταὶ,

141 2367 259 2444 1238,5
283 2361 426 2443 τριττοὺς.

96 2471 175 2554 Pag.
200 2474 318 2550 365,13
343 2473 407 2553 ἥτις
430 2469 507 2552 αὐτὴ
531 2469 608 2534 καθ’
633 2469 730 2552 αὐτὴν
754 2471 989 2553 ὀκτακισχιλίων
1013 2475 1074 2556 ἔχει
1098 2498 1169 2537 οτα-

139 2581 217 2643 ὅίων
239 2579 295 2662 τὴν
318 2580 528 2662 περιγραφὴνε
552 2580 607 2662 τὴν
630 2581 815 2662 περίμετρον
832 2581 958 2662 γραφὴν
974 2581 1043 2662 ΑΒ,
1060 2600 1169 2647 corre·

137 2687 189 2752 xit
211 2687 246 2752 in
270 2687 300 2751 A
324 2685 427 2767 prirna
451 2706 579 2767 manue,
603 2691 641 2754 ut
661 2687 801 2754 videtur.
849 2687 961 2754 Verba
984 2689 1169 2770 περίμετρος

140 2801 175 2862 et
209 2796 387 2878 περιγραφή
426 2794 540 2859 eadern
576 2793 710 2859 notione
746 2799 886 2876 usurpat
921 2795 1093 2878 Polybius,
1133 2801 1170 2860 ut

140 2903 256 2968 eodem
281 2902 392 2984 capite
417 2922 447 2969 v.
472 2907 490 2966 9
515 2903 570 2986 τὴν
592 2903 651 2984 μὲν
675 2904 875 2986 περίμετρον,
907 2923 982 2988 pag.
1009 2908 1104 2985 366‚4
1128 2905 1171 2973 εἰς

136 3011 337 3094 περιγραφὴν
360 3011 510 3094 legimus

207 3119 298 3184 Conf.
322 3121 505 3202 περίμετρος
531 3125 625 3200 67,13
655 3125 770 3202 120,10
794 3124 912 3200 412,13
937 3124 1168 3202 686,11809,9

205 3229 383 3309 περιγραφή
412 3233 505 3309 reat
530 3233 626 3310 cane
653 3235 770 3309 coare
797 3233 900 3309 coac

208 3335 282 3399 Hoc
306 3336 380 3400 loco
404 3340 543 3417 propter
564 3336 768 3401 antecedens
786 3356 815 3403 v.
834 3341 852 3399 9
870 3339 1055 3418 περίμετρον
1071 3335 1169 3402 libra·

137 3444 207 3508 rius
219 3441 252 3509 in
264 3443 519 3525 archetypohoc
530 3443 725 3509 vocabulum
737 3443 1017 3526 superscripsisset
1029 3443 1170 3510 videtur.

160 3715 201 3780 Iu
223 3713 288 3780 fine
313 3713 409 3780 huius
434 3713 554 3794 capitis
579 3713 770 3780 dubitanter
794 3713 941 3780 afferam:

91 3822 175 3905 Pag.
199 3825 320 3902 499,3o
343 3821 540 3884 καὶτούτων
563 3823 646 3884 οὕτω
671 3827 811 3903 συνεχῶς
826 3821 879 3884 καὶ
894 3828 1071 3903 προφανῶς
1094 3823 1170 3884 ποί-

137 3931 204 4001 lota
219 3929 280 4012 ἤδη
299 3928 547 4012 συμβεβηκότων
571 3930 630 3991 οὐκ
655 3928 712 3991 olt'
731 3929 821 3998 ὅπως
836 3931 939 3992 κοινοί
952 3951 1029 3998 τινες
1051 3929 1098 3990 ἀεὶ
1117 3929 1171 3990 καὶ

137 4041 204 4102 νέοι
236 4037 318 4118 πρὸς
349 4037 404 4106 τὰς
433 4037 575 4104 τοιαύτας
603 4037 724 4104 ἀπάτας
746 4037 934 4117 πεφύκαμεν
957 4034 1059 4099 AFR.
1104 4035 1170 4099 Pro

139 4147 243 4212 καινοὶ
266 4147 378 4211 Naber
403 4143 566 4210 conieciet
592 4145 707 4217 σκαιοὶ,
731 4143 917 4209 Meinekius
942 4145 1031 4216 ξένοι.

208 4254 307 4320 Corte
330 4271 491 4334 nusquam
516 4251 594 4317 alibi
615 4251 702 4332 apud
717 4251 890 4332 Polybium
913 4251 1014 4314 κοινοί
1039 4255 1074 4314 et
1097 4252 1170 4324 νέοι,

140 4383 225 4448 quae
249 4363 354 4428 verba
378 4378 561 4442 synonyma
585 4379 662 4425 esse
687 4358 856 4439 videntur,
885 4357 1061 4424 coniuncta
1085 4361 1170 4424 sunt.
