2854 4834
671 201 888 262 ..32..

287 407 359 454 nus.
403 390 474 456 Nec
498 393 624 473 iamed,
655 396 693 458 ut
715 392 914 459 Hultschius
946 399 1041 462 recto
1067 397 1219 480 adnotat,
1252 396 1313 464 duo

287 499 431 581 uomina,
460 499 521 564 sed
546 499 694 566 eiusdem
716 500 857 567 nominis
882 502 1049 585 scriptura
1073 505 1197 587 duplici
1222 507 1314 572 modo

288 611 445 690 corrupta
467 607 501 674 in
526 609 696 676 codicibus
722 615 844 678 exstat.

242 715 323 798 Pag.
351 719 491 798 lauare
524 719 554 781 οἱ
588 719 621 782 ἀὲ
653 720 723 802 περὶ
753 721 808 784 τὸν
838 721 1039 805 Τορκουᾶτον
1062 725 1316 807 διακομισθέντες

287 825 330 894 είς
352 824 407 906 τήν
427 825 672 908 Ἂλεξᾶνόρειανε
696 829 890 910 τορκουάτον
913 830 966 894 καί
988 831 1042 894 τὸν
1064 838 1145 895 τῖτον
1168 831 1241 913 OU,
1264 834 1317 897 καὶ

285 931 341 996 τὸν
359 939 440 996 τῐτον
461 932 587 1000 delevit
604 933 904 1018 Schweighaeuser
922 935 1100 1022 (Polybius
1122 939 1316 1020 scripsisset

288 1043 319 1104 οἱ
351 1041 384 1104 δὲ
412 1041 483 1123 περὶ
506 1048 699 1124 τορκουᾶτον
723 1044 776 1107 καὶ
798 1051 887 1119 τῖτον,
913 1046 998 1111 conf.
1025 1050 1167 1128 1204,14
1191 1052 1226 1112 et
1251 1053 1317 1126 16).

287 1149 368 1234 Pag.
401 1151 539 1230 1248‚26
572 1148 659 1236 idem
693 1150 744 1216 vir
779 1150 866 1224 Τίτος
900 1152 1100 1234 Τορκουᾶτος
1123 1154 1317 1236 nominatur,

288 1255 349 1338 sed
375 1261 515 1338 1256,24
548 1261 675 1323 tantum
708 1261 738 1322 oi
766 1260 800 1324 ἀὲ
828 1261 899 1344 περὶ
925 1261 979 1324 τὸν
1005 1261 1215 1345 Τορκουᾶτον,
1238 1263 1317 1328 idem

292 1369 441 1445 125733.
490 1370 628 1448 reseph
652 1367 724 1438 τοὺς
747 1369 818 1450 περὶ
843 1369 939 1443 Τίτον,
963 1370 1045 1436 item
1067 1389 1168 1436 versu
1195 1377 1247 1436 21.

355 1473 429 1538 Hoc
463 1472 568 1555 igitur
599 1475 673 1540 loco
705 1476 740 1541 in
774 1477 956 1559 archetypo
981 1478 1096 1545 variae
1132 1479 1318 1561 scripturae

292 1584 401 1663 erant,
426 1601 498 1647 cum
521 1584 626 1650 verba
649 1585 702 1648 καὶ
724 1585 779 1648 τὸν
801 1593 881 1650 τῖτον
906 1605 948 1650 ex
972 1586 1038 1652 alio
1063 1587 1201 1666 quodam
1225 1587 1318 1652 fonte

289 1688 475 1754 fluxissent.

310 1907 403 1973 Nunc
430 1907 473 1973 ad
497 1927 554 1974 eos
578 1908 670 1974 locos
688 1908 859 1990 accedam,
883 1907 938 1974 ubi
954 1908 1064 1976 falsae
1084 1909 1119 1974 in
1136 1910 1318 1991 archetypo

245 2013 459 2081 coniecturae
483 2017 636 2096 prolatae
662 2036 738 2082 esse
762 2017 927 2083 videntur.

190 2177 195 2190 .
244 2123 324 2203 Pag.
350 2127 444 2204 579,5
470 2125 682 2206 συναθροίσας
715 2125 775 2207 γὰρ
807 2126 842 2190 τὸ
878 2126 1088 2207 στρατόπεδον
1116 2127 1134 2188 ὁ
1162 2127 1320 2208 χιλίαρχος

289 2231 341 2292 καὶ
357 2231 551 2312 προαγαγὼν
567 2234 609 2302 εἰς
624 2232 696 2304 τοὺς
711 2234 889 2303 λελοιπότος
904 2233 933 2298 F
937 2232 972 2315 S,
996 2235 1039 2304 εἷς
1059 2235 1158 2315 μέσον
1176 2233 1320 2298 coniecit

290 2336 487 2404 Gronovius.
533 2341 589 2411 εἰς,
615 2338 701 2418 quod
717 2344 810 2416 certe
828 2340 1001 2406 delendum
1019 2346 1086 2423 ost,
1111 2345 1218 2406 ortum
1243 2359 1318 2406 esse

290 2445 424 2511 videtur
453 2465 494 2511 ex
522 2445 617 2511 varia
647 2445 811 2527 scriptura
835 2472 877 2517 εις
900 2446 921 2511 i.
946 2467 973 2512 e.
997 2449 1180 2530 εισαγαγὼν.
1228 2447 1319 2514 (loni.

292 2557 387 2634 2324
420 2553 514 2624 αὐτὸς
548 2555 581 2618 ἀὲ
615 2555 804 2636 συναγαγὼν
830 2554 885 2626 τὰς
913 2556 1060 2638 δυνάμεις
1083 2558 1226 2640 εἰσήγαγε
1248 2556 1320 2625 τοὺς

288 2663 487 2744 βασιλίσκους
510 2666 573 2726 oet.
620 2666 715 2743 804,3
741 2663 771 2724 oi
797 2669 852 2745 τῆς
879 2664 1018 2733 στάσεως
1046 2666 1132 2726 αἴτιοι
1160 2665 1320 2746 γεγονότες

289 2771 456 2852 εἰσήγοντο.

358 2879 424 2944 Sed
455 2881 604 2962 προάγειν
638 2878 736 2945 simili
767 2879 898 2946 ratione
928 2884 1120 2960 usurpatum
1151 2879 1320 2946 invenitur

289 3007 396 3067 neque
421 2987 648 3052 offendendum
674 2993 736 3052 est.

244 3096 325 3177 Pag.
351 3101 467 3178 583,31
494 3096 542 3159 διὸ
565 3097 619 3160 καὶ
642 3098 721 3160 κατά
736 3121 767 3159 τε
783 3097 838 3178 τήν
853 3104 907 3178 τῆς
923 3097 997 3178 ὅλης
1013 3096 1218 3178 παρεμβολῆς
1232 3097 1320 3159 θέσιν

288 3210 353 3266 πᾶν
388 3205 614 3286 ἀναγκάζονται
647 3211 753 3287 σχῆμα
784 3205 1045 3286 μεταλαμβάνειν,
1079 3204 1227 3285 ἑπόμενοι
1258 3209 1321 3273 τοῖς

289 3312 404 3384 τόποις,
427 3313 464 3374 τά
480 3336 511 3374 το
526 3313 608 3393 μέρη
624 3312 835 3393 μεταλλάττειν
858 3312 965 3374 ἄλλοτε
987 3311 1068 3392 πρὸς
1092 3311 1244 3394 ἀλλήλους
1267 3311 1321 3376 καλ

292 3419 360 3482 κατ’
397 3420 549 3501 ἀλλήλους
579 3420 696 3490 τόπους
723 3418 752 3482 F
756 3418 788 3484 S.
838 3419 903 3484 Pro
937 3419 1089 3501 ἀλλήλους
1121 3417 1320 3485 Hultschius

294 3526 439 3591 coniecit
462 3523 615 3598 ἀλλοίους.Ι
660 3529 724 3593 Pro
748 3528 801 3591 καὶ
824 3527 1047 3609 καταλλήλους;
1071 3527 1124 3589 καὶ
1147 3527 1320 3610 ἀκαταλλή·

290 3636 364 3706 λους
379 3634 548 3716 ReiskiUS,
571 3636 825 3717 κάκαταλλήλους
841 3633 1047 3701 Hulbschius.
1096 3633 1162 3699 Sed
1177 3653 1220 3700 ne
1236 3635 1321 3700 haee

292 3741 422 3822 quidem
447 3741 640 3808 coniectura
662 3741 845 3822 probabilis
871 3746 932 3807 est.

357 3850 450 3916 Dicit
467 3850 552 3916 enim
569 3851 728 3932 Polybius
745 3852 808 3916 hac
827 3850 997 3916 sententia
1012 3849 1161 3916 Graecos
1180 3868 1323 3930 sequen-

291 3964 344 4026 tes
369 3959 482 4026 varias
499 3960 644 4026 locorum
662 3959 888 4040 proprietates
904 3958 999 4024 modo
1017 3959 1101 4024 hauc
1118 3959 1213 4026 modo
1230 3958 1324 4026 illam

293 4075 476 4134 castrorum
499 4067 636 4133 sormam
661 4068 828 4134 adhibere.

359 4177 490 4242 Codicis
512 4181 626 4242 autem
642 4175 815 4242 Urbincbis
833 4175 999 4256 scriptura
1016 4174 1190 4257 archetypi
1207 4174 1324 4241 varias

291 4286 457 4352 lectiones
473 4283 608 4350 indicat.
642 4284 782 4349 Videtur
799 4282 884 4350 enirn
901 4283 943 4348 ad
957 4283 1039 4364 πρὸς
1054 4283 1220 4366 ἀλλήλους,
1238 4283 1328 4364 quod

292 4413 333 4460 ex
357 4393 438 4476 πρὸς
458 4394 602 4462 ἀλλοίους
619 4395 807 4472 corruptum
831 4396 918 4473 erat,
942 4389 1061 4470 aliquis
1086 4389 1153 4454 κατ’
1170 4391 1329 4475 ἀλλήλους
