2906 4834
538 245 579 254 ...
628 211 759 274 pp...

4 485 5 490 η
107 401 190 484 Pag.
218 406 355 485 1145,11
385 409 460 468 τῶν.
479 404 513 468 δὲ
535 405 605 488 περὶ
628 405 758 491 Εὐμένη
782 409 836 472 καὶ
854 408 1048 492 Ἀριαράδην
1074 407 1186 492 (ἀριαέ

4 501 5 506 ¹
153 512 242 592 ράδα
276 510 322 597 Ο)
355 514 623 598 προσδεξαμένων
654 515 726 586 τοὺς
753 517 866 598 λόγους
898 517 951 582 καὶ
982 524 1182 600 παραχρῆμα

153 621 494 692 συνεξαποστειλάντων
516 623 707 705 πρεσβευτὰς
729 624 817 706 παρὰ
840 625 894 688 τὸν
916 623 998 706 πρὸς
1019 625 1073 688 τὸν
1093 624 1182 706 Φαρ-

152 727 255 810 νάκην
278 725 315 810 0,
337 728 413 812 παρ’
438 731 545 793 αὐτῶν
568 729 721 812 UrsinUS,
743 729 818 813 παρ’
843 733 948 796 αὑτῶν
973 731 1130 798 editores

223 833 289 900 Sed
306 853 408 902 causa
423 856 489 902 non
506 822 649 918 est,'cur
661 837 820 918 Polybius
836 838 911 920 παρ’
929 841 1034 904 αὐτῶν
1050 839 1184 907 adiece-

152 941 208 1007 rit.
254 941 354 1007 Immo
386 941 422 1008 in
455 944 638 1026 archetypo
672 945 810 1028 primum
837 965 898 1028 per
927 965 1073 1012 errorem
1096 947 1183 1029 παρὰ

150 1049 207 1114 τὸν
231 1051 403 1134 scriptum,
427 1051 547 1118 deinde
570 1053 652 1134 πρὸς
673 1055 728 1118 τὸν
744 1059 929 1128 correctum
948 1073 1025 1120 osse
1042 1054 1184 1120 videtur.

105 1159 190 1242 Pag.
217 1164 334 1242 meaa
363 1163 382 1242 ἡ
411 1161 583 1243 σύγκλητος
611 1162 769 1244 ἀπεκρίθη
794 1163 869 1228 διότι
892 1159 1019 1244 Κοΐντῳ
1041 1162 1184 1244 Μαρκίῳ

153 1267 249 1332 δώσει
280 1267 336 1351 την
364 1269 546 1351 ἐπιτροπὴνε
578 1270 702 1334 κόϊνιον
734 1278 781 1352 τῷ
811 1271 940 1352 μαρκίῳ
969 1269 996 1336 Ο
1021 1289 1183 1350 expressa

686 1377 725 1412 uo

152 1428 330 1512 archetypi
354 1425 582 1512 ditto'graphia
604 1410 728 1494 κόιντόν
750 1433 887 1514 μαρκίῳ.

104 1538 190 1620 Pag.
218 1541 357 1620 1204,13
385 1545 449 1608 τοῖς
474 1539 533 1622 μὲν
562 1539 621 1622 γὰρ
649 1539 720 1622 περὶ
744 1539 798 1602 τόν
822 1536 1039 1622 Καλλικράτην
1065 1539 1183 1622 (καλλι-

151 1646 262 1728 κράτιν
285 1645 331 1730 Ο)
366 1647 419 1710 καὶ
452 1647 614 1730 Διοφάνην
641 1648 694 1711 καὶ
718 1647 774 1710 σὺν
797 1650 916 1718 τούτοις
936 1633 1184 1730 ’Ῡπερβάτιυνον

152 1755 214 1817 οὐκ
237 1755 351 1836 ἤρεσκε
379 1755 499 1818 διδόναι
525 1755 678 1838 βοήθειαν
702 1753 743 1836 O,
772 1753 1010 1837 Ὑπερβατονον
1033 1753 1183 1837 Ursinus,

152 1861 413 1944 dittographiam
433 1861 577 1950 agnovit
599 1861 807 1927 Hultschius.

220 1971 260 2036 In
284 1971 467 2053 archetypo
490 1970 574 2036 enim
590 1970 728 2052 primum
744 1971 914 2052 ὑπερβάτῳ
931 1969 1089 2051 scriptum
1108 1977 1182 2036 erat

153 2077 271 2164 (quarn
294 2079 413 2144 falsam
438 2097 514 2145 esse
540 2079 738 2161 scripturam
762 2078 873 2144 hiatus
898 2077 1040 2164 prodit),
1065 2065 1183 2143 deinde

150 2193 248 2252 recte
272 2211 309 2250 ον
334 2192 519 2252 correctum
544 2190 605 2252 est.
656 2185 746 2251 Conf.
771 2205 801 2254 v.
829 2191 869 2250 16
893 2193 956 2255 τοῖς
980 2187 1014 2249 δὲ
1037 2187 1107 2268 περὶ
1130 2187 1184 2250 τὸν

142 2295 293 2378 ’Ἀρχωνα
317 2295 370 2358 καὶ
392 2295 561 2378 Λυκόρταν
584 2295 637 2358 καὶ
660 2293 822 2378 Πολύβιον
846 2299 909 2360 cet.

103 2404 189 2484 Pag.
221 2407 334 2486 1317,1
367 2405 413 2473 ὡς
521 2405 556 2467 ἔκ
584 2403 687 2486 χειρὸς
714 2405 983 2486 προσεπιδήσουσι
1011 2402 1066 2484 τὴν
1095 2403 1185 2485 δίκην

157 2512 263 2580 αὐτοῖς
297 2513 343 2580 ὡς
377 2511 546 2594 προδόταις
579 2511 719 2593 γεγονόσι
752 2509 820 2575 OU.
878 2509 1037 2575 Reiskius
1075 2515 1184 2576 autem

152 2618 252 2684 dixit:
269 2624 327 2684 aut
341 2621 561 2702 προσθήσουσι
576 2619 752 2701 legendum
768 2623 825 2683 aut
837 2619 1030 2701 ἐπιθήσουσι,
1049 2637 1184 2698 separa·

150 2733 221 2792 tum
246 2729 408 2809 quodque,
441 2747 507 2792 non
536 2733 646 2794 autem
671 2725 862 2806 coniuncte;
897 2725 1040 2791 conflata
1065 2730 1119 2790 est
1138 2717 1185 2790 ‘ea

150 2835 255 2900 lectio
282 2853 300 2900 e
324 2835 460 2917 duplici,
486 2855 569 2916 quae
595 2835 661 2901 alia
683 2834 718 2899 in
743 2833 818 2900 aliis
842 2833 937 2899 libris
964 2833 1039 2899 olim
1063 2833 1138 2898 luit.

221 2942 345 3008 Contra
362 2961 455 3024 quem
470 2943 609 3010 adnotat
622 2942 935 3024 Schweighaeuser:
953 2947 989 3006 at
1004 2941 1054 3007 ita
1071 2961 1184 3007 amans

152 3056 208 3117 est
231 3051 391 3132 Polybius
414 3053 590 3118 verborum
614 3071 678 3116 non
704 3050 807 3115 solum
833 3050 1099 3130 compositorum,
1125 3049 1185 3114 sed

151 3159 333 3242 dupliciter
350 3160 618 3241 compositorum,
642 3165 679 3224 ut
694 3158 825 3222 minime
844 3157 1056 3222 sollicitanda
1071 3140 1183 3223 videa-

150 3275 207 3333 tur
230 3269 370 3350 vulgata
395 3268 570 3349 scriptura.
677 3274 679 3278 ’

151 3363 154 3370 ’
220 3373 298 3440 Cum
321 3379 432 3441 autem
455 3375 518 3441 hoc
542 3375 680 3440 verbum
703 3393 862 3454 nusquam
887 3372 966 3438 alibi
983 3371 1070 3453 apud
1085 3373 1183 3454 Poly·

149 3483 239 3549 bium
255 3483 388 3566 legatur
403 3502 511 3563 neque
529 3482 699 3548 sententia
716 3480 883 3563 efflagitet
901 3480 1182 3563 praepositionem

149 3616 245 3673 προς,
280 3610 343 3674 ego
372 3589 546 3656 Reiskium
580 3609 723 3670 sequens
756 3589 790 3654 in
820 3587 1002 3669 archetypo
1030 3591 1110 3670 puto
1134 3613 1184 3652 εσι

151 3718 252 3782 super·
275 3701 494 3782 προσθήσουσι
517 3702 613 3765 recte
639 3697 798 3778 scriptum
821 3695 937 3761 fuisse.

173 3861 329 3928 Omnibus
354 3861 425 3928 fere
450 3860 551 3944 locis,
576 3879 657 3941 quos
675 3879 716 3925 ex
734 3858 906 3940 excerptis
924 3859 1030 3925 adhuc
1049 3858 1182 3940 contuli,

105 3974 265 4052 corrupta
281 3970 441 4052 quaedam
458 3969 637 4050 scriptura,
657 3986 740 4047 quae
757 3967 855 4048 plane
872 3965 960 4030 falsa
976 3971 1065 4046 erat,
1081 3972 1181 4046 atque

104 4078 236 4147 librarii
260 4077 429 4144 cuiusdam
454 4077 641 4146 emendatio
665 4077 766 4142 facile
791 4075 937 4142 discerni
961 4081 1106 4156 poterat.

174 4188 241 4254 Sed
264 4188 423 4254 habemns
449 4187 549 4254 etiarn
566 4185 649 4251 alios
667 4186 774 4266 locos,
799 4184 916 4264 quihus
933 4203 998 4248 non
1016 4184 1057 4248 de
1075 4200 1182 4250 emen·

106 4297 244 4364 datione
284 4301 513 4376 corruptarum
550 4293 730 4360 lectionum
765 4291 891 4374 agitur,
930 4290 991 4356 sed
1026 4290 1181 4358 diuersae

106 4403 295 4486 scripturae
322 4402 479 4470 confusae.
505 4409 593 4468 sunt:
982 4415 984 4420 ’
