2906 4834
556 184 685 244 .-43
737 217 774 225 ..

236 377 349 457 Atque
383 377 540 444 videntur
573 377 657 443 haee
691 378 795 443 verba
832 377 997 460 (καθάπερ
1033 378 1066 439 αῖ
1097 377 1205 439 λοιπαὶ

169 489 233 548 τῶν
257 486 410 568 γραφῶν)
436 485 642 568 interpolato
667 505 758 567 esse,
783 485 983 568 praesertim
1009 503 1082 550 oum
1105 484 1203 565 Poly-

169 589 244 656 bius
261 591 326 656 iem
343 592 440 658 aliam
457 593 737 675 comparationem
753 592 908 658 attulerit
921 591 1035 658 verbis
1054 592 1203 671 καθάπερ

169 699 222 762 καὶ
246 700 382 764 ἐπὶτῶν
405 702 509 766 ἄλλων
532 708 651 784 τεχνῶν
674 703 727 765 καί
750 703 1012 784 ἐπιτηδευμάτων.

125 806 205 886 Pag.
232 813 371 891 1047‚25
397 810 553 893 Ἀντίοχος
586 811 620 874 δὲ
652 812 765 894 ταύτης
797 811 969 874 ἀποπεσὼν
1001 817 1055 892 τῆς
1079 809 1203 879 ἐλπίδος

168 921 275 997 παρῆν
310 918 352 986 είς
377 917 515 999 Ἔφεσον
549 919 602 981 καί
635 919 893 1000 συλλογιζόμενος
933 919 978 981 ὅτι
1012 919 1124 1000 μόνως
1163 919 1203 980 ἂν

126 1077 130 1086 .
157 1023 273 1093 οὕτως
303 1023 430 1088 δύναιτο
460 1027 601 1091 κωλῦσαι
633 1027 689 1109 τὴν
720 1032 785 1092 τῶν
807 1029 954 1100 ,πεζικῶν
981 1025 1203 1106 στρατοπέδων

170 1130 315 1212 διάβασιν
346 1133 400 1196 καὶ
427 1133 572 1198 καθόλου
595 1135 649 1197 τὸν
672 1134 813 1216 πόλεμον
836 1133 900 1196 ἀπὸ
922 1140 977 1216 τῆς
995 1133 1099 1202 Ἄσίας
1122 1133 1201 1196 ἀπο-

147 1239 330 1321 τρίβεσθαι
361 1243 389 1306 εί
416 1244 555 1325 βεβαίως
586 1244 717 1325 κρατοίη
747 1248 807 1324 ,τῆς
843 1242 1010 1324 θαλάττης,
1033 1241 1202 1322 ,προέθετο

169 1355 341 1431 ναυμαχεῖν
364 1350 417 1412 καί
432 1352 547 1430 κρίνειν
562 1351 599 1414 τὰ
614 1353 784 1433 πράγματα
802 1351 853 1414 διὰ
868 1356 933 1416 τῶν
948 1349 1028 1418 κατὰ
1044 1349 1202 1415 θάλατταν

169 1455 340 1521 κινδύνωνε
365 1458 393 1520 εί
415 1456 527 1524 omisit
550 1457 587 1523 N.

237 1564 351 1630 Verbo
374 1567 402 1630 εἰ
421 1568 560 1648 βεβαίως
574 1568 705 1649 κρατοίη
721 1573 775 1649 τῆς
791 1567 949 1649 θαλάττης
965 1565 1108 1632 delenda
1123 1583 1201 1630 esse

170 1689 303 1737 censeo.
354 1672 497 1739 Primum
530 1673 616 1740 enim
650 1673 870 1755 gravissimus
904 1673 1015 1740 hiatus
1033 1713 1035 1719 ι
1051 1671 1201 1752 offendit,

160 1780 289 1846 deinde
314 1789 392 1862 post
415 1783 517 1852 οὕτως
540 1800 605 1848 non
628 1801 689 1862 per
712 1783 740 1845 εἰ
759 1781 856 1863 pergi
880 1785 1013 1862 potest,
1048 1799 1202 1860 comper

169 1891 272 1960 οὕτως
305 1890 434 1972 motus,
469 1909 530 1971 per
565 1889 776 1956 oooodioio
814 1889 1028 1971 significetur.
1088 1888 1202 1958 Verbo

170 2001 290 2078 autem,
314 2017 398 2079 quae
422 1999 564 2065 delendo
588 2017 665 2064 osse
689 2003 786 2080 puto,
810 1999 854 2064 ad
876 1999 978 2067 οὕτως
994 2017 1053 2078 pro
1073 1998 1201 2080 glosse-

170 2109 258 2170 mate
284 2107 455 2187 adscripta
478 2107 585 2172 fuisse
610 2105 774 2173 videntur.

127 2213 206 2295 Pag.
232 2219 371 2297 rottei
405 2217 450 2280 ὅτι
481 2216 597 2286 Γναῖος
629 2216 647 2278 ὁ
680 2214 851 2297 στρατηγὸς
882 2221 946 2278 τῶν
971 2213 1139 2296 Ῥωμαίων
1166 2218 1202 2278 et

169 2339 200 2388 V.
226 2328 267 2387 27
292 2325 415 2406 ἔπεμψε
437 2325 519 2405 πρὸς
542 2323 658 2387 Γναῖον
685 2325 830 2406 πρέσβεις
862 2323 915 2386 καὶ
947 2323 1115 2403 παρεκάλει
1146 2323 1201 2385 τὸν

169 2429 287 2494 Γναῖον
309 2430 363 2496 τὸν
384 2437 449 2495 τῶν
468 2431 636 2514 Ῥωμαίων
656 2431 829 2514 στρατηγὸν
846 2435 910 2496 tet.
927 2431 964 2496 N.
1012 2430 1124 2496 Verba
1147 2431 1201 2494 τὸν

168 2545 233 2602 τῶν
262 2538 430 2620 Ῥωμαίων
454 2539 625 2621 στρατηγὸν
661 2539 709 2604 oo
740 2542 938 2618 excerptore
972 2537 1087 2602 addita
1122 2557 1200 2604 esse

169 2647 335 2714 videntur.

127 2755 206 2838 Pag.
233 2760 372 2835 1349,Ιὸ
405 2755 515 2820 οΐκαὶ
543 2757 749 2837 συνηγμένων
775 2760 840 2818 τῶν
859 2754 995 2835 Ἀχαιῶν
1018 2756 1060 2824 εἰς
1082 2755 1199 2837 Κόριν-

169 2867 240 2936 θον,
273 2864 353 2928 κατὰ
387 2864 484 2946 τύχην
519 2863 663 2933 ἐλθόντες
696 2865 740 2933 εἷς
773 2868 883 2925 τοῦτον
916 2861 971 2926 τὸν
1003 2863 1115 2943 καιρὸν
1148 2865 1201 2926 καί

169 2974 386 3054 παραχθέντες
409 2974 451 3042 εἷς
474 2970 510 3034 τὰ
534 2972 656 3054 πλήθη,
691 2972 855 3034 διετίθεντο
879 2970 1016 3042 πολλοὺς
1038 2969 1124 3034 ὀὗτοι
1148 2971 1202 3034 καί

131 3135 132 3142 ,
170 3079 420 3161 φιλανθρώπους
449 3080 563 3160 λόγους
597 3082 660 3145 cet.
689 3077 761 3144 NU.·
811 3077 877 3142 Sed
910 3076 995 3140 οὗτοι
1028 3077 1202 3143 delendum

171 3207 247 3253 esse
264 3187 406 3270 videtur,
432 3207 503 3254 eum
524 3187 603 3252 talis
620 3185 779 3268 repetitio
802 3185 946 3251 subiecti
971 3186 1005 3250 in
1032 3187 1201 3252 sententia

169 3297 315 3363 relativo
338 3295 489 3361 inaudita
513 3295 565 3360 sit.

192 3457 395 3524 Dubitanter
419 3465 588 3540 postremo
613 3459 686 3524 looo

125 3569 207 3651 Pag.
231 3573 327 3647 4936
356 3567 522 3648 proferam
556 3569 728 3651 συμπεσὼν
761 3569 796 3631 ἐκ
828 3569 960 3649 πλαγίου
995 3568 1074 3631 κατὰ
1105 3570 1201 3650 κέρας

168 3679 406 3760 τεταραγμένοις
428 3683 492 3746 τοῖς
514 3677 674 3759 πολεμίοις
696 3677 771 3758 AR,
794 3676 851 3741 ubi
874 3678 979 3742 verba
1002 3677 1080 3740 κατὰ
1105 3680 1201 3759 κέρας

170 3783 337 3866 glossema
361 3784 404 3849 ad
427 3786 461 3847 ἐκ
485 3786 619 3866 πλαγίου
645 3805 721 3850 esse
747 3783 910 3850 videntur.

557 4057 768 4064 .-.-.-..-.-..--.
