2906 4834
546 175 765 242 „27-

116 370 200 452 Pag.
229 377 348 452 870,15
384 371 432 436 διδ
465 373 518 438 καὶ
552 373 740 456 βουλόμενοι
774 370 842 438 κατ’
876 373 968 446 ἀξίαν
999 376 1064 436 τῶν
1091 373 1195 454 ἔργων

162 480 357 562 ποιήσασθαι
371 479 427 564 τὴν
440 481 584 563 ἐξήγησιν
602 482 640 544 οὐ
655 480 709 550 τὰς
722 481 760 554 ἐκ
783 486 847 544 τῶν
871 481 954 546 δυεῖν
973 481 1052 544 ἐτῶν
1067 481 1196 561 πράξεις

162 587 413 670 κατατετάχαμεν
437 588 479 658 εἰς
502 589 577 669 μίαν
599 588 730 670 βύβλους
764 589 799 652 ἐκ
832 594 896 650 τῶν
926 586 1074 654 correxit
1098 585 1195 656 Hillt-

165 693 280 762 schius
304 713 364 776 pro
388 696 421 760 ἐν
444 701 529 760 ναῶν
552 695 599 770 M,
625 695 711 775 quod
733 696 819 766 hanc
838 693 1014 776 archetypi
1030 693 1193 776 dittogra-

662 803 679 835 κ

164 853 277 935 phiam
300 855 449 920 indicare
473 855 621 922 videtur:
645 858 772 920 ἐντῶν.
1172 925 1175 930 Δ

117 963 202 1044 Pag.
228 967 348 1044 894,24
371 962 436 1026 ἀλλ’
460 965 488 1026 εἱ
507 964 567 1046 μὲν
589 965 653 1046 πρὸ
676 971 732 1029 τοῦ
756 963 933 1047 Ῥωμαίους
961 965 1127 1046 διαβαίνειν
1155 966 1197 1034 εἰς

166 1071 290 1153 Λιβύην
313 1071 408 1142 αὐτὸς
431 1071 465 1144 ἐξ
483 1069 610 1141 Ἰταλίας
633 1073 820 1158 ἐκχωρήσας
843 1072 1026 1152 προύτεινας
1052 1071 1106 1141 τὰς
1130 1072 1196 1135 δια-

166 1179 268 1248 λύσεις
290 1180 416 1252 ταύτας,
443 1180 503 1242 οὐκ
519 1181 559 1243 ἂν
575 1181 683 1262 οἴομαί
697 1203 730 1243 σε
747 1179 976 1262 διαψευσθῆναι
992 1186 1046 1262 τῆς
1061 1180 1196 1250 ἐλαίδοςε

167 1289 351 1369 προύτεινας
371 1287 584 1371 HhitsehiuS,
607 1290 784 1370 αρούτεινες
807 1287 853 1352 Μ’
869 1286 1031 1370 Scaliger,
1054 1289 1196 1370 προύτει-

167 1473 219 1514 νεν
242 1451 285 1520 εἰς
305 1449 373 1530 FS‚
398 1450 480 1532 quod
499 1449 675 1532 archetypi
691 1449 804 1518 varies
822 1449 1008 1532 scripturas
1020 1395 1198 1531 προύτεινδδ

168 1555 306 1622 indicat.

121 1665 205 1748 Pag.
235 1668 356 1746 efreni
388 1665 443 1729 ἐὰν
476 1666 510 1732 δὲ
543 1667 748 1748 ἐκβιάζωνται
780 1665 859 1730 κατὰ
892 1665 948 1748 τὴν
979 1670 1043 1728 τῶν
1074 1665 1200 1746 θηρίων

168 1773 301 1856 ἔφοδονε
318 1772 396 1838 κατὰ
414 1772 563 1843 correxit
578 1773 738 1841 Reiskius
754 1793 815 1855 pre
831 1775 884 1838 καὶ
899 1772 978 1836 κατὰ
995 1771 1020 1838 F
1024 1771 1055 1838 S.
1086 1771 1199 1838 Verba

170 1877 258 1950 euim
290 1883 345 1946 καί
376 1886 411 1949 et
442 1884 522 1948 κατά
554 1883 589 1950 in
621 1881 754 1964 Polyhii
788 1881 959 1950 codicibus
995 1901 1060 1948 non
1094 1880 1199 1949 solum

171 2007 274 2072 saepe
309 1989 448 2058 confusa
481 1995 558 2058 sunt
592 1989 870 2076 (coniexempli
904 1988 1016 2071 gratia
1052 1987 1199 2073 752‚14),

172 2097 233 2162 sed
259 2097 360 2164 eiiam
383 2099 436 2164 καὶ
456 2103 535 2166 ante
551 2099 630 2164 κατὰ
648 2113 750 2180 saepe
766 2098 1005 2178 interpolatum
1021 2095 1199 2177 invenite,

172 2205 260 2286 quod
283 2204 431 2274 fortusse
457 2225 498 2269 ex
523 2205 697 2287 archetypi
714 2204 820 2274 variis
837 2203 1013 2289 scripturis
1032 2203 1199 2288 explican-

171 2313 246 2382 dum
272 2318 335 2384 eet.
381 2313 473 2384 Colli.
497 2319 612 2395 909,OE
638 2315 692 2380 καῖ
714 2313 960 2398 καδναερβοῖὴν
988 2313 1016 2380 Ρ
1039 2330 1099 2392 pro
1123 2311 1199 2376 καθ’

171 2420 359 2503 ὑπερβολὴν.
826 2467 828 2478 .
908 2477 910 2480 .

241 2533 359 2610 92832
383 2528 462 2592 κατὰ
486 2527 533 2595 Μ’
557 2527 870 2609 Schweighaeuser,
894 2526 1049 2592 καὶκατὰ
1074 2525 1137 2594 FS.

241 2640 359 2718 98534
392 2636 544 2710 Φίλαατος
572 2636 606 2699 δὲ
634 2634 714 2700 κατὰ
741 2636 796 2699 τὸν
824 2635 919 2700 αὐτὸν
942 2634 1054 2715 καιρὸν
1077 2634 1201 2700 πυνθα-

171 2745 318 2828 νόμενος,
350 2743 406 2814 uhi
439 2744 492 2811 καὶ
525 2747 603 2810 anie
636 2743 715 2808 κατὰ
748 2741 894 2812 additum
926 2741 960 2810 in
993 2740 1047 2808 FS
1075 2739 1203 2810 delevit

172 2851 360 2920 nokkerus.

241 2963 360 3040 996,Εὸ
384 2958 540 3027 καὶκατὰ
565 2957 593 3024 F
597 2957 619 3024 S
642 2977 702 3040 pre
726 2959 814 3022 κατὰ.

244 3067 348 3133 Simili
371 3067 466 3132 mode
493 3071 609 3148 133,25
638 3073 744 3150 παρῆν
766 3067 902 3150 βοηθῶν
925 3066 978 3130 καὶ
1001 3065 1080 3130 κατὰ
1105 3089 1202 3130 unov-

154 3178 234 3260 δὴν
266 3178 404 3258 εὐτυχῶς
436 3177 478 3247 εἰς
510 3177 620 3242 δέοντα
643 3175 763 3257 καιρὸν,
799 3175 854 3242 ubi
882 3176 936 3238 καὶ
959 3180 1038 3256 post
1062 3174 1204 3256 σπουδὴν

173 3291 394 3366 transponere
411 3283 518 3349 voluit
532 3283 840 3366 Schweighaeuser,
856 3284 909 3347 καὶ
925 3278 1073 3350 fortasse
1091 3282 1203 3350 deien-

175 3392 248 3461 dum
276 3397 337 3458 esi.

120 3504 211 3584 Pag.
236 3504 352 3581 sewi
378 3499 450 3570 τοὺς
466 3500 526 3582 γὰρ
542 3501 684 3570 τοιαύτας
700 3503 828 3582 ἔχοντος
844 3500 1004 3582 διαλήψεις
1019 3498 1087 3562 κατ’
1109 3500 1203 3580 ἀνάγ-

174 3631 236 3690 κην
259 3607 306 3670 ἀεὶ
328 3614 452 3689 κρατεῖν
474 3613 538 3670 τῶν
562 3608 836 3690 ἀντιτοττομένανντ
870 3614 993 3689 κρατεῖν
1021 3607 1070 3670 δεῖ
1093 3608 1203 3670 τάναν-

174 3712 428 3800 τίαΙτοττομένων
467 3713 534 3794 FS,
574 3715 621 3778 δεῖ
657 3714 785 3783 delevit
823 3713 1025 3795 GronoviUS,
1065 3715 1203 3782 alterum

175 3823 327 3888 mendum
343 3821 491 3887 correxit
509 3822 819 3903 Schweighaeuser,
844 3822 898 3903 qui
924 3823 966 3888 ad
989 3825 1038 3886 δεῖ
1051 3822 1204 3888 adnotat:

176 3931 225 3996 δεῖ
245 3929 393 3996 fortasse
415 3949 456 3996 ex
471 3930 619 4012 repetita
633 3930 744 4010 iniquo
761 3932 835 3997 loco
852 3929 1080 4011 parrinniaco
1098 3934 1205 3997 ortum

177 4041 233 4104 esi
257 4039 298 4104 ob
321 4038 511 4106 litterarum
535 4039 558 4102 Δ
585 4043 620 4104 et
644 4040 673 4102 A
699 4037 954 4105 similitudinem.

245 4145 343 4213 Certe
368 4146 430 4212 hoo
454 4146 527 4212 loco
553 4146 587 4212 in
610 4147 794 4228 archetypo
824 4147 870 4210 ἀεὶ
905 4153 940 4214 et
971 4147 1018 4210 δεῖ
1046 4145 1205 4225 scriptum

176 4259 266 4338 erat,
300 4254 385 4338 quod
418 4253 560 4335 simplici
592 4255 795 4336 repetitione
828 4253 901 4320 fieri
925 4252 1048 4336 potuit,
1081 4254 1210 4320 autea

176 4366 367 4446 corruptum
391 4384 451 4446 per
475 4365 521 4428 ἀεὶ
546 4367 732 4434 correctum
757 4369 839 4432 erat.
