2854 4834
408 856 820 983 Conieote'nea.

558 1155 663 1175 *000¹—

79 1393 155 1475 Pag.
181 1399 277 1466 mil
303 1395 333 1456 oi
355 1393 446 1456 Βαῖοι
469 1394 659 1475 καλούμενοι
683 1393 832 1466 Γαλάται,
865 1395 960 1458 πάλαι
992 1396 1052 1477 μὲν
1084 1397 1151 1460 οἷον

36 1491 37 1496 ¹
119 1501 274 1583 λοχῶντες
296 1501 353 1584 τὴν
375 1501 457 1582 πρὸς
476 1500 654 1584 Ῥωμαίους
677 1501 795 1582 φιλίαν,
820 1503 879 1565 οὐκ
896 1504 1018 1585 ἔχοντες
1035 1503 1068 1564 δὲ
1084 1505 1151 1566 τότε

119 1607 244 1690 καιρὸν,
267 1608 528 1691 μετεωριζόμεναι
549 1628 554 1641 ·
572 1629 601 1641 ··
623 1610 800 1691 ἀπέστησαν
817 1609 881 1671 ἀπὸ
894 1609 1062 1693 Ῥωμαίων
1079 1611 1150 1675 AR.

120 1715 211 1800 Quae
236 1717 342 1785 verba
365 1715 428 1782 iam
450 1714 622 1782 Reiskium
649 1714 871 1798 offenderunt,
895 1717 949 1796 qui
973 1720 1011 1782 οὐ
1036 1719 1149 1783 delere

120 1824 236 1892 voluit.
284 1823 351 1888 Sed
384 1824 456 1890 siue
490 1827 528 1888 οὐ
557 1825 716 1907 Polybius
746 1831 839 1890 certe
865 1825 1061 1908 scripsisset
1084 1829 1151 1892 τότε

122 1932 149 1996 δ’
174 1935 296 2014 ἔχοντες
319 1933 440 2012 καιρὸν.
1103 1991 1105 1998 ,

187 2043 295 2110 Recte
312 2062 394 2108 vero
411 2040 572 2108 Reiskius
590 2041 740 2107 sensisse
757 2041 890 2108 videtur
905 2045 972 2108 τότε
989 2045 1031 2110 acl
1045 2046 1149 2119 πάλαι,

122 2151 207 2231 quod
223 2150 403 2232 eutecedii,
418 2149 540 2216 referri
556 2169 619 2215 uou
635 2169 745 2230 posse.
783 2151 857 2232 Ego
876 2151 1004 2230 quidem
1022 2151 1150 2217 conieci

107 2261 180 2326 ,οὐκ
204 2262 327 2343 ἔχοντες
351 2258 379 2322 δ’
404 2260 447 2328 εἰς
469 2259 549 2332 τότε,
580 2258 666 2338 qumi
691 2259 847 2341 congruit
871 2279 942 2326 cum
967 2261 1031 2343 eis,
1066 2282 1149 2341 quae

122 2371 312 2447 sequuntur.
359 2368 421 2432 Illo
448 2367 532 2432 enim
558 2372 706 2448 tempore
733 2368 832 2450 (τότε)
850 2367 924 2433 Boii
942 2369 1150 2436 occasionem

121 2475 163 2540 od
195 2475 410 2541 deficiendum
443 2475 598 2544 habuere.
644 2476 761 2541 Rohde
793 2475 941 2542 scribere
972 2478 1056 2543 vult:
1091 2479 1150 2540 οὐκ

121 2585 243 2668 ἔχοντες
267 2584 301 2646 δὲ
324 2582 445 2665 καιρὸν,
469 2584 536 2646 τότε
558 2584 828 2666 μετεωριζόμεναι.

75 2691 156 2774 Pag.
182 2697 278 2772 276st
300 2693 432 2778 μάλιστα
457 2692 491 2754 δὲ
514 2692 567 2754 καὶ
590 2691 644 2754 τὸν
672 2693 777 2774 ἕτερον
809 2692 929 2754 ὕπατον
961 2692 1150 2775 προσλαβεῖν

119 2800 173 2862 καὶ
205 2805 300 2863 πᾶσιν
327 2799 377 2862 ἐπὶ
399 2798 492 2862 ταύτὸ
516 2799 823 2878 τσῖςστρατσπέὸοις
847 2800 930 2880 ὁμσῦ
954 2800 1148 2882 ποιήσασθαι

118 2908 173 2972 τὸν
188 2909 335 2971 κίνδυνον
351 2907 422 2972 AR.
461 2906 511 2968 ἐπὶ
527 2905 710 2992 taurosum
726 2907 919 2988 ποιήσασθαι
935 2906 988 2969 τὸν
1004 2908 1151 2970 κίνδυνον

120 3015 277 3097 coniungi
300 3035 365 3080 uon
389 3017 516 3096 potest,
541 3031 612 3078 cum
629 3015 803 3090 verborum
825 3013 1001 3078 collocatio
1028 3015 1150 3078 obstet.

119 3123 239 3204 ltaque
269 3122 341 3188 veri
372 3121 478 3188 simile
513 3126 566 3187 est
599 3126 678 3202 post
706 3123 799 3183 ταύτό
824 3121 948 3200 aliquid
974 3120 1150 3202 excidisse,

118 3235 156 3298 ut
180 3233 469 3314 συνηθροισμὲνσις.
520 3231 589 3296 Iam
615 3228 774 3294 Reiskius
799 3236 937 3292 συνισῡσι
962 3230 1015 3294 vel
1043 3228 1149 3293 simile

118 3321 197 3418 iluid
222 3337 429 3422 scribendum
456 3357 532 3402 esse
558 3336 758 3402 coniecerat.

73 3501 124 3567 Ad
150 3502 233 3583 Pag.
259 3506 377 3582 319‚12
402 3500 636 3582 ἀναμνήσαντες
660 3498 710 3562 διὰ
734 3499 883 3581 βραχέων
906 3498 978 3568 τοὺς
1001 3501 1147 3581 ἐντυγχά-

117 3633 230 3680 νων-τας
252 3616 289 3691 τῇ
312 3609 508 3691 πραγματείᾳ
531 3614 586 3689 τῆς
600 3613 796 3689 κατασκευῆς
818 3611 881 3670 cei.
898 3607 960 3671 AR
977 3605 1149 3672 adnotavit

117 3718 434 3799 Schweighaeuser:
477 3720 612 3797 poterat
650 3721 910 3796 προκατασκευῆς
948 3713 1075 3794 dicere,
1114 3718 1151 3778 ut

116 3824 254 3906 saepius
278 3824 375 3905 ulium,
402 3823 463 3889 sed
488 3822 628 3888 utillud
651 3821 798 3888 fortasse
824 3821 908 3886 setis
934 3826 1015 3886 erut.

186 3932 298 4012 Atque
323 3932 565 4013 προκατασκευή
592 3930 691 3998 simili
722 3929 851 3994 ratione
881 3935 1073 4010 usurpatum
1102 3930 1149 3994 iu-

115 4040 268 4108 venimus
294 4039 346 4104 his
369 4037 467 4104 locis:
503 4043 592 4118 438,
630 4041 738 4117 mul,
775 4041 861 4116 15‚5,
894 4041 1019 4118 meur,
1046 4040 1150 4117 1233,

118 4154 248 4230 resur,
275 4153 379 4228 ruso,
405 4152 531 4228 rouro,
556 4151 683 4226 moro.

187 4256 351 4336 Imprimis
375 4273 456 4320 vero
487 4273 528 4318 cx
564 4258 694 4334 146,15‚
727 4252 784 4318 ubi
817 4251 971 4333 legimus:
1006 4255 1079 4318 δέον
1111 4255 1150 4315 ἂν

120 4369 168 4450 εἴη
193 4366 246 4428 καί
269 4363 333 4445 πρὸ
353 4370 407 4444 τῆς
424 4369 618 4444 κατασκευῆς
634 4361 683 4424 ἐπὶ
698 4359 802 4442 βραχὺ
818 4363 882 4422 τῶν
898 4361 1151 4448 ἐπιφανεστάτων
