2854 4834
679 217 899 284 ..30-

252 409 334 500 Pag.
359 417 479 499 scald
502 417 521 480 ὃ
623 412 821 498 πεπεισμένοι
843 399 1029 499 τυγχάνουσι
1053 405 1103 482 διὸ
1126 413 1162 482 τὸ
1182 417 1218 481 τὰ
1235 421 1326 502 σφῶν
1414 359 1415 410 ί

297 527 466 609 πράγματα
494 525 607 608 σχεδον
634 526 735 588 πάντα
759 525 815 607 τὴν
838 525 1011 608 σύγκλητον
1034 531 1154 610 κυροῦν
1180 527 1326 593 correxit

297 632 470 715 Reiskins‚
502 630 749 720 admanpocjriyv
781 631 850 714 ΓΒ,
881 650 966 714 qnae
998 636 1105 701 verba
1134 653 1176 700 ex
1200 635 1326 700 duabus
1415 713 1416 722 ρ

298 739 474 822 scripturis
508 745 582 806 orta
612 757 689 805 esse
719 739 884 806 videntur.
930 739 1073 824 Legitur
1098 741 1184 807 enim
1208 747 1327 824 829‚12
1415 737 1416 742 ’

296 847 334 910 τὰ
357 847 439 930 πρὸς
463 849 612 931 διαβολὴν
639 853 796 930 κυροῦντα
828 849 882 912 καί
914 849 1104 934 κατηγορίαν
1133 828 1222 935 (quo
1254 850 1327 916 1000

297 963 416 1038 κυρεῖν
438 955 525 1021 idem
549 955 719 1039 significat
742 961 842 1037 atque
867 956 1019 1041 ἀνήκειν).

367 1059 435 1128 Sed
457 1064 521 1129 hoc
544 1065 618 1130 ioco
642 1066 778 1130 verbnm
802 1072 923 1147 κυροῦν
938 1067 1033 1130 recte
1052 1069 1243 1148 usurpatum
1269 1070 1330 1147 est,
1416 1101 1417 1104 =

302 1171 388 1252 quod
412 1187 513 1253 saepe
539 1169 693 1238 similiter
715 1171 875 1255 Polybius
899 1171 1062 1255 adhibuit,
1097 1171 1181 1239 conf.
1212 1175 1328 1254 604,st

299 1279 336 1342 τά
359 1280 418 1362 μὲν
440 1287 495 1344 τοῦ
518 1281 660 1362 πολέμου
683 1288 738 1344 τοῦ
763 1279 845 1364 πρὸς
863 1281 1041 1364 Ῥωμαίους
1069 1282 1250 1362 ἐκεκύρωτο
1278 1281 1332 1344 τὸν

298 1387 417 1469 τρόπον
440 1395 557 1452 τοῦτον.
606 1392 724 1470 348,10
747 1388 802 1460 τὰς
824 1391 985 1472 κυρούοας
1006 1389 1043 1452 τὰ
1069 1389 1231 1472 ὃιαβούλια
1248 1390 1331 1472 γνώ-

299 1521 371 1579 μας.
417 1499 537 1580 457‚26
561 1493 609 1560 ὧν
632 1498 855 1580 κυρωθέντων.
1261 1583 1264 1590 γ

366 1607 406 1672 In
420 1607 603 1688 archetypo
618 1610 728 1672 autem
741 1605 888 1671 fortasse
902 1603 1016 1672 variae
1029 1605 1195 1672 lectiones
1208 1614 1331 1690 κυροῖιν

303 1721 338 1780 et
360 1721 466 1797 κυρεῖν
481 1715 563 1797 πρὸς
581 1713 727 1796 scriptae
748 1718 858 1796 erant,
876 1734 958 1796 quae
979 1716 1019 1780 ab
1039 1719 1237 1796 excerptore
1256 1733 1333 1778 oon·

267 1811 269 1818 ’
302 1820 531 1887 fundebantur.

258 1930 340 2012 Peg.
366 1935 483 2011 680,10
517 1929 602 1994 ddi
634 1913 808 2012 προλαβὼν
834 1929 889 1993 τὸν
917 1929 1029 2012 καιρὸν
1057 1925 1223 2012 Scaliger,
1257 1930 1276 1992 ὁ
1303 1929 1336 1993 δὲ

301 2039 530 2122 προειρημένος
548 2039 660 2120 ,λοβῶν
686 2037 752 2119 FS,
774 2039 1004 2120 προειρημένον
1019 2038 1193 2120 προλαβὼν
1208 2037 1334 2102 Nabcr.

302 2145 500 2212 Hultschius
525 2144 710 2212 adnotavit:
740 2145 909 2226 „codicum
932 2143 1100 2226 scriptura
1125 2163 1143 2209 e
1167 2143 1336 2226 dittogra-

302 2255 380 2336 phia
391 2256 594 2338 ιιραειληφὼς
609 2260 644 2319 et
659 2255 832 2338 προλαβὼν
849 2260 923 2319 orta
940 2272 1016 2318 esse
1033 2251 1193 2319 videtur.“
1233 2251 1337 2318 Certe

303 2364 477 2446 προλαβὼν
500 2381 583 2428 vera
608 2362 846 2444 scriptumest
871 2359 971 2446 (conf.
987 2362 1148 2444 ὑπεράρας
1163 2379 1264 2426 versu
1287 2360 1338 2446 7).

259 2473 340 2554 Pag.
365 2476 483 2553 806‚15
508 2471 587 2534 κατὰ
617 2470 650 2533 δὲ
678 2469 732 2533 τὸν
764 2470 876 2554 καιρὸν
907 2476 1018 2532 τοῦτον
1048 2468 1101 2531 καὶ
1133 2468 1247 2537 λαίίιος
1282 2469 1338 2533 καί

269 2659 270 2664 ¹
304 2582 391 2661 γάιος
414 2579 482 2658 FS,
506 2579 603 2648 Γάιος
626 2578 753 2648 Λαίλιος
776 2577 913 2658 scripsit
929 2575 1156 2656 Camuhnnns,
1180 2575 1268 2655 qnod
1293 2579 1336 2640 ab

306 2687 489 2752 editoribus
514 2685 615 2769 vulgo
640 2690 810 2768 receptum
836 2692 897 2751 est.
1046 2772 1048 2780 Ι

371 2796 483 2874 Atque
503 2793 525 2855 I
527 2794 598 2863 ἀίος
609 2793 736 2862 Λαίλιος
751 2812 852 2874 saepe
867 2796 1146 2874 commemoratur,
1162 2796 1199 2858 nt
1214 2797 1334 2876 714,11

306 2909 341 2968 et
367 2907 470 2976 721‚4.

372 3010 422 3076 Eo
460 3014 571 3076 nartem
606 3008 730 3090 capite,
767 3007 852 3089 ouon
877 3008 1061 3090 antecedit,
1096 3013 1221 3076 tantum
1248 3011 1341 3092 γάιος

306 3120 466 3200 scriptum
490 3115 667 3196 invenitur,
692 3114 776 3182 conf.
801 3120 919 3196 805,19
945 3121 1063 3199 8053ss
1088 3122 1194 3198 807,9.

371 3228 489 3306 Itaque
507 3245 578 3290 cum
597 3224 700 3290 codex
717 3221 862 3288 Urbinas
878 3223 960 3290 mire
977 3225 1060 3290 haec
1080 3225 1244 3292 vocabula
1267 3231 1342 3293 tra·

307 3335 444 3415 diderit,
462 3340 519 3398 aut
535 3334 650 3404 Γάιος
666 3339 725 3398 aut
740 3332 868 3402 Λαίλιος
885 3332 1092 3398 scribendum
1107 3352 1183 3398 esse
1194 3332 1342 3400 videtur.

260 3444 341 3526 Pag.
367 3449 484 3524 863,ἳὸ
519 3441 583 3504 ἀλλ’
618 3443 807 3524 ἀρχιτέκτων
835 3441 990 3523 ὑπάρχων
1013 3442 1066 3503 καὶ
1091 3442 1140 3504 διά
1164 3465 1247 3510 τινας
1271 3444 1342 3506 ἔπι-

305 3551 420 3620 οκευάς
453 3551 507 3613 καὶ
534 3549 729 3618 κατασκευὰς
756 3554 820 3612 τῶν
852 3555 961 3631 τειχῶν
986 3553 1041 3614 cet
1064 3547 1139 3631 ΡΘ,
1171 3550 1345 3622 ἐπισκευὰς

306 3659 366 3724 PS.
419 3656 620 3740 Quamquam
651 3656 815 3726 ἐπισκευὰς
842 3656 895 3720 καὶ
927 3656 1122 3727 κατασκευὰς
1159 3655 1346 3726 coniuncta

306 3768 476 3850 leguntur,
508 3749 546 3831 ut
574 3771 693 3846 553ss
727 3766 770 3835 είς
797 3764 852 3834 τὰς
875 3764 1041 3835 ἐπισκευὰς
1064 3765 1118 3827 καὶ
1140 3767 1346 3838 κατασκευὰς

305 3879 370 3939 τῶν
393 3876 564 3958 δημοσίαν,
588 3873 668 3938 item
694 3877 825 3953 557,l3,
849 3877 959 3936 tamen
984 3873 1046 3937 hoc
1070 3873 1143 3936 loco
1168 3869 1203 3936 in
1220 3873 1346 3940 arche-

307 3988 387 4064 typo
427 3981 540 4047 varias
580 3981 764 4062 scripturas
803 3979 910 4045 fuisse
951 3978 1115 4062 suspicari
1153 3997 1349 4066 possumus,

308 4089 508 4173 pracsertim
532 4105 602 4154 oum
628 4088 733 4153 codex
756 4087 993 4152 Peirescianns
1018 4093 1143 4153 tantum
1173 4088 1350 4162 ἐπισκευὰς

307 4197 493 4264 tradiderit.
540 4197 734 4279 Legendum
757 4195 861 4277 igitur
886 4199 940 4261 est
962 4195 1133 4265 ἐπισκευὰς.

264 4309 345 4390 Pag.
371 4311 488 4387 885,20
514 4305 571 4367 cao
586 4303 639 4366 καί
661 4304 837 4384 παραυτίκα
854 4304 1132 4386 προχειρισάμενος
1146 4305 1352 4387 πρεοβτιπάς

308 4416 444 4479 Λούκιον
461 4413 596 4495 Σέργιον
612 4409 665 4474 καὶ
681 4410 817 4473 Λεύκιον
834 4409 965 4492 Βαίβιον
988 4411 1041 4472 καὶ
1060 4410 1197 4474 Λεύκιον
1217 4411 1354 4496 Φάβιον
