2906 4834
556 233 775 293 -57-

155 437 159 442 ⁴
235 431 356 508 613,14
389 428 453 490 ὀεῖν
484 428 606 490 τούτων
636 426 694 508 τὴν
725 427 822 490 αἰτίαν
855 428 914 507 οὐχ
942 419 1045 494 αύτούς
1073 425 1122 488 ἐπὶ
1145 424 1200 488 τὸν

168 535 296 616 βασιλέα
321 555 350 568 ·’
367 555 373 567 ·
396 535 445 604 ὡς
467 535 517 598 ἐπὶ
535 534 608 604 τοὺς
623 535 773 604 συνόντας
788 535 876 616 αὐτῷ
892 534 1002 616 φίλους
1018 521 1197 615 ἀναφέρειν.

171 645 273 721 717,3-
289 643 332 710 ἐίς
354 641 451 711 θεοὺς
472 643 526 704 καί
547 642 643 724 τύχας
665 642 860 723 ἀναφέρουσι
883 641 938 710 τὰς
961 642 1065 711 αἰτίας.
1129 651 1157 684 ·“

233 749 353 829 luanus
377 749 440 814 hou
464 750 537 814 loeo
560 751 814 830 ασαέπέφερον,
849 749 910 814 sed
940 749 1096 830 ἀνέφερον
1126 765 1198 812 αισι

171 853 291 920 Ursino
317 857 526 923 scribendum
551 861 613 922 est.
913 869 914 874 ’

127 963 205 1045 Pag.
233 971 327 1046 12113
331 971 371 1030 20
398 965 466 1029 Ὅτι
497 965 646 1048 Εὐμένης
676 967 695 1028 ὁ
724 965 869 1048 βασιλευς
890 973 945 1048 τῆς
968 963 1121 1045 Περσέως
1145 965 1202 1028 nui

166 1071 357 1153 Ῥωμαίων
356 1074 469 1154 μάχης
486 1073 750 1154 συντετελεσμένες
783 1075 827 1144 εἰς
857 1074 1039 1188 παράλογον
1070 1073 1200 1135 ἐπέπεσε

171 1181 311 1245 διάθεσιν
329 1181 379 1243 M

164 1287 302 1354 Sed
327 1305 398 1353 uum
422 1303 582 1368 nusquam
606 1285 775 1351 ἐπιπίπτειν
797 1290 840 1357 είς
862 1297 927 1350 ’τινα
952 1288 1103 1359 διάθεσιν,
1139 1287 1200 1352 sed

168 1397 326 1478 ἐμπίπτειν
360 1395 533 1478 Polybius
554 1391 760 1476 (11αεί,1ιοά
801 1409 943 1474 qunque
964 1386 1038 1460 loun
1075 1397 1199 1458 ἐνέπεσε

149 1505 459 1570 smihendumt
405 1511 467 1570 est.
623 1555 627 1559 -

143 1615 147 1622 ’
198 1611 327 1677 Cunf.
364 1617 414 1692 38,
421 1619 458 1677 15
495 1613 759 1676 ἐνεπεπτώκεισαν
794 1613 837 1681 εἷς
860 1611 1015 1693 ΙΛδυσχερῆ·
1050 1612 1198 1673 διάθεσιν.

171 1725 286 1800 151,12
325 1721 368 1791 εἰς
405 1721 549 1802 τοιαύτην
588 1717 746 1802 διαφορὰν
780 1719 833 1782 καί
867 1717 1015 1800 καχεξίαν
1045 1719 1199 1780 ἐνέπεσον.

171 1833 264 1908 79119
289 1830 332 1899 εἰς
354 1828 472 1910 πολλὴν
495 1827 631 1908 ἀπορίαν
654 1828 801 1890 ἐνίπιπτε.
849 1831 965 1907 91225
991 1827 1033 1895 εἰς
1056 1825 1200 1907 τοιαύτην

169 1937 362 2018 παράστασιν
385 1937 553 2000 ἐνέπιπτον
604 1941 699 2013 1221,
702 1941 743 1999 26
774 1935 833 2016 (sci
834 1937 850 2017 )
879 1935 1117 2016 παραπλησίους
1144 1935 1199 2015 ίμ-

153 2075 155 2078 ·
150 2044 335 2112 πίπτοντας
346 2043 485 2124 καιρούς.
512 2048 607 2123 1297,
609 2043 658 2106 4’
643 2043 828 2148 εμπεσύντες
841 2045 883 2112 είς
894 2044 1038 2124 τοιαύτην
1050 2038 1201 2105 διάθεσίν.

125 2149 207 2231 Pag.
236 2155 330 2231 1228
334 2155 373 2214 27
395 2151 534 2233 ἐπείχετο
558 2151 592 2214 δὲ
615 2151 680 2212 καὶ
691 2150 770 2212 κατὰ
793 2150 867 2220 τοὺς
885 2151 1086 2232 Αύηναίουςε
1115 2149 1199 2212 ἐπίσ-

168 2257 290 2339 χετοΟ,
316 2259 435 2338 quud
427 2277 491 2323 num
516 2258 689 2324 nonnullos
714 2256 880 2322 offendit.
908 2262 1018 2338 Atque
1036 2257 1198 2322 Reishius

170 2366 302 2446 putavit
325 2365 426 2449 ἐπεῖχε
449 2367 624 2448 legendum
659 2383 735 2432 esse
769 2367 903 2431 untione
939 2366 1079 2447 (τούτο,1
1096 2361 1200 2431 inusti

132 2492 138 2501 ·
171 2472 268 2538 alieni
294 2473 459 2540 etodium
483 2473 724 2540 clandestinum
749 2473 865 2540 iuvere
891 2491 967 2539 esse
991 2475 1111 2603 ἐπέχειν
1134 2474 1199 2545 τινί,

136 2596 234 2646 'finon
258 2583 455 2664 ε’·πέχεσύαι.
961 2590 966 2606 ’

237 2688 538 2771 Schweighaeuser
562 2690 751 2770 suspicatur
777 2690 883 2754 verba
910 2691 1046 2770 ἐπείχετο
1074 2688 1130 2752 (11.
1144 2689 1200 2752 καὶ

170 2796 248 2860 κατὰ
283 2795 361 2866 τοὺς·
383 2797 573 2878 Ἀύηναίους
611 2798 695 2862 naen
728 2796 801 2862 iere
842 2793 1046 2878 significare:
1085 2811 1197 2861 verum

171 2903 270 2968 etium
294 2915 376 2986 erge
399 2904 626 2970 Athenienses
652 2903 815 2969 continuit
840 2921 876 2969 se
902 2896 1052 2984 senatus,
1075 2893 1196 2983 idfse'st,

134 3032 136 3037 ·
170 3015 235 3076 n'un
259 3011 355 3077 nimis
379 3017 562 3094 promptum
587 3029 623 3077 se
648 3012 903 3093 demonstrauit,
939 3011 1081 3076 studium
1096 3025 1197 3075 suum

171 3124 205 3182 et
227 3113 509 3201 benevolentium,
534 3139 598 3200 qna
622 3119 759 3185 eliorum
782 3121 975 3200 populorum
990 3121 1195 3200 legatos-est

169 3232 368 3306 prosecutus
394 3227 558 3293 continuit
581 3227 855 3309 temperavitque.
881 3271 892 3276 η-
953 3247 956 3256 1

236 3329 400 3400 Fortasse
418 3353 499 3401 veru
515 3327 691 3416 legendum
709 3339 763 3398 est
779 3335 914 3415 ἐπείχετο
931 3335 965 3396 δὲ
980 3335 1033 3397 καὶ
1056 3334 1093 3396 τὰ
1108 3334 1196 3396 κατὰ

168 3442 241 3512 τοὺς
260 3444 448 3525 Ἀθηναίους
471 3441 606 3506 notione
630 3441 781 3521 passiva,
806 3440 842 3505 id
867 3445 922 3507 est.
944 3440 1198 3506 Atheniensium

170 3569 298 3630 qunque
321 3569 378 3614 res
401 3548 710 3629 differebantunut
734 3555 834 3613 antea
855 3549 895 3614 de
912 3548 1051 3614 Rhodiis
1076 3548 1201 3613 dietum

171 3661 225 3721 est
255 3659 386 3727 τούτους
419 3657 453 3720 δὲ
484 3657 670 3737 παρέπεμπε
702 3657 844 3725 ποικίλας
878 3657 1052 3738 ἐμφάσεις
1062 3664 1197 3720 ποιοῦσα

169 3765 317 3846 περὶτοῦ
340 3765 515 3846 μέλλοντος.

237 3869 447 3953 00123472
482 3874 615 3954 ἐπισχεῖν
646 3873 701 3953 τὴν
733 3873 909 3951 παρουσίαν
938 3865 957 3936 i.
988 3892 1014 3938 e.
1038 3871 1201 3955 inhibere,

172 3921 307 4046 uitiosus
334 3980 520 4045 adventum.

125 4089 205 4170 Pag
237 4093 331 4168 1258,
336 4092 377 4151 24
410 4090 571 4169 συνέβαινε
596 4087 674 4156 τοὺς
708 4087 910 4169 Κυρηναίους
946 4090 1199 4169 στρατοπεδεύειν

170 4191 261 4265 ὄντας
284 4199 327 4265 εἰς
349 4195 607 4277 ὀκτακισχιλίους,
642 4197 742 4265 ἱππεῖς
767 4195 800 4258 δὲ
823 4197 894 4277 περὶ
916 4197 1139 4266 πεντακοσίους
1163 4195 1199 4260 O.

228 4304 347 4368 ¹Primo
371 4302 562 4369 universum
586 4302 823 4384 Cyrenensium
839 4307 874 4367 et
890 4301 1038 4383 peditum
1055 4308 1090 4368 et
1109 4304 1200 4383 equi·

173 4417 251 4493 tum,
276 4410 395 4476 deinde
413 4410 557 4490 equitum
574 4429 740 4478 numeruuu
757 4409 929 4492 Polybium
946 4429 1199 4477 commemorare
