2854 4834
672 191 893 260 ,36-

313 395 514 478 Explioaudi
527 395 632 478 inagis
647 415 742 476 quam
757 395 952 462 emendandi
968 415 1070 463 cansa
1081 397 1198 465 vanae
1217 394 1318 479 scrip·
1420 471 1421 474 ,

246 509 343 572 turae
367 505 419 570 his
443 504 527 570 locis
552 503 744 585 adscriptae
769 503 876 570 fuisse
898 504 1054 570 videntur
1070 506 1104 574 iu
1121 499 1318 588 archetypo:

246 630 327 713 Pag.
352 636 447 712 8328
470 631 548 714 μετὰ
573 631 607 694 δὲ
629 632 725 694 ταῦτά
749 655 826 714 φησι
845 630 918 701 τοὺς
937 632 997 713 μὲν
1012 633 1114 702 ῐτττιεῖς
1128 630 1218 706 τάξαι
1233 634 1320 716 παρὰ
1420 637 1421 708 1

290 739 456 811 θάλατταν,
479 739 552 808 τοὺς
575 740 609 803 δὲ
632 739 857 821 μισθοφόρους
884 741 957 820 ἑξῆς
978 739 1098 809 τούτοις
1121 740 1197 822 παρ’
1225 741 1321 804 αὐτὸν
1420 807 1421 812 ,

290 845 344 908 τὸν
367 847 510 928 ποταμὸν
535 849 706 929 εχομένους
738 848 859 916 τούτοις
886 845 954 928 FS,
987 848 1159 929 ἐχομένους
1190 849 1318 920 τούτοις,
1420 823 1421 902 1

293 953 378 1034 quod
393 953 724 1034 interpretamentum
742 953 818 1018 olim
835 953 878 1018 ad
894 956 966 1037 ἑξῆς
981 955 1100 1025 τούτοις
1117 955 1320 1036 adscriptum
1420 987 1421 1036 1

253 1093 255 1098 v
290 1080 355 1126 non
389 1081 427 1127 co
460 1061 534 1142 ipso
558 1061 641 1142 loco,
670 1063 731 1126 sed
755 1081 856 1127 versu
879 1061 1055 1144 archetypi
1079 1062 1260 1128 interiecto
1287 1063 1321 1128 iu

293 1175 482 1236 contextum
515 1168 695 1250 irrepsisse
726 1170 916 1250 suspicatur
948 1169 1159 1251 Hultsohius,
1194 1169 1322 1236 delevit

291 1276 449 1342 Reishius
473 1281 583 1356 recte3
607 1295 681 1341 nam
705 1279 833 1359 ἔχεσθαι
856 1277 918 1342 hac
942 1277 1078 1342 notione
1101 1294 1232 1358 semper
1250 1295 1321 1342 cum
1420 1297 1421 1330 1

292 1383 456 1467 genitive,
480 1403 545 1448 non
570 1403 640 1448 cum
665 1385 778 1450 dativo
804 1384 1023 1467 coniungitur.

359 1492 463 1558 Simili
491 1493 585 1558 modo
613 1511 689 1575 pag.
715 1499 832 1574 301,lo·
866 1495 938 1576 ἑξῆς
972 1493 1005 1557 δὲ
1037 1495 1157 1565 τούτοις
1189 1495 1322 1558 κατόπιν

290 1601 385 1670 αὐτὸς
418 1600 473 1682 ἦγε
506 1609 620 1684 συνεχῆ
651 1603 688 1664 τὰ
721 1603 822 1684 βαρέα
859 1607 924 1664 τῶν
963 1603 1085 1676 ὅπλων,
1125 1602 1321 1667 Vocabulum
1420 1617 1421 1694 1

291 1715 405 1790 συνεχῆ
429 1708 576 1774 fortasse
602 1709 775 1773 delendum
801 1715 863 1773 est.

246 1835 326 1916 Pag.
365 1839 502 1916 latam
540 1836 720 1916 γενομένων
754 1835 788 1897 δὲ
820 1836 948 1898 πάντων
980 1835 1095 1904 καύὼς
1127 1835 1321 1918 προείρηταιε

291 1946 368 2022 post
392 1943 426 2041 <lh
449 1943 590 2026 legimus
607 1943 641 2008 in
659 1941 774 2007 codice
791 1940 984 2007 Monacensi
1003 1945 1037 2024 ἢ,
1063 1942 1149 2022 quod
1172 1942 1323 2007 fortasse

293 2069 334 2114 ex
358 2050 454 2116 varia
479 2049 645 2132 scriptura
668 2047 690 2134 ᾖ
713 2050 756 2115 ad
779 2051 893 2121 καύὼς
922 2048 1093 2130 adscripta
1122 2053 1227 2115 ortum
1258 2055 1324 2114 est.
1420 2113 1421 2136 1

1027 2141 1041 2216 t

312 2321 406 2386 Nunc
430 2321 471 2386 de
496 2321 661 2387 nonnullis
685 2320 769 2386 locis
799 2320 907 2387 dubiis
940 2305 1050 2402 agam,
1084 2319 1139 2400 qui
1172 2280 1324 2400 tentasse

247 2447 289 2492 ex
323 2429 500 2511 archetypi
527 2429 632 2496 variis
658 2429 833 2511 scripturis
859 2428 1048 2510 explicandi
1073 2432 1158 2494 sunt.
1205 2427 1325 2508 Neque
1420 2477 1421 2512 ÷

245 2555 326 2602 vero
362 2537 447 2602 certi
481 2537 656 2616 quidquam
689 2536 841 2618 proferre
875 2536 974 2603 velim
1005 2541 1103 2616 atque
1129 2535 1326 2614 etiamalio

244 2644 338 2708 modo
363 2644 429 2710 loci
453 2644 503 2710 illi
529 2645 676 2727 corrupti
701 2665 777 2712 esse
801 2650 951 2727 possunt.
1420 2639 1421 2644 ’

245 2772 326 2853 Pag.
353 2777 446 2848 544‚7
480 2773 547 2835 τότε
581 2773 697 2856 ὃήττου,
730 2774 878 2854 καθάπερ
905 2771 955 2834 ἐπὶ
988 2776 1052 2832 τῶν
1084 2770 1188 2832 ἄλλων
1222 2771 1325 2852 ζῴων

290 2880 343 2941 καὶ
367 2881 416 2942 ε’ττὶ
439 2882 559 2943 τούτων
583 2879 885 2960 συναθροιζομένων
910 2877 1005 2960 (ὅπερ
1029 2875 1113 2946 εἰκὸς
1133 2877 1212 2939 κατὰ
1229 2885 1329 2942 τοῦτο

291 2989 333 3057 εἰς
366 2987 402 3050 τὸ
438 2989 603 3070 ὁμόφυλον
640 2988 903 3069 συναγελάζεσθαι
936 2985 986 3048 διὰ
1019 2985 1075 3068 τὴν
1106 2991 1161 3067 τῆς
1193 2986 1331 3066 φύσεως

290 3097 472 3178 ἀσθένειαν)
499 3095 527 3160 F
555 3097 666 3180 (εἰκώς
689 3093 736 3158 F¹
762 3093 908 3159 correxit
933 3093 961 3158 F
985 3092 1010 3178 ).
1420 3161 1421 3166 1

359 3203 432 3269 Hoc
466 3204 540 3269 loco
575 3203 766 3286 perdifficili
800 3208 899 3282 atque
935 3206 1028 3268 certe
1058 3204 1213 3281 corrupto
1240 3199 1332 3266 nihil
1420 3193 1421 3262 j

290 3310 356 3376 nisi
393 3312 604 3378 coniecturas
639 3312 789 3392 proferre
815 3329 998 3391 possumus.
1044 3309 1155 3388 Atque
1179 3305 1331 3374 maxime

292 3418 455 3502 Scaligeri
481 3419 651 3485 sententia
674 3420 800 3500 placet,
837 3418 890 3498 qui
924 3419 1004 3498 ἅπερ
1038 3413 1169 3481 omissis
1199 3421 1335 3497 postea

290 3533 381 3590 τοῦτο
404 3530 446 3597 εἰς
472 3527 622 3610 Seripsii3
647 3529 752 3592 verba
777 3527 860 3590 ellim
882 3524 960 3588 κατὰ
977 3530 1068 3586 τοῦτο
1084 3523 1239 3605 intellegi
1255 3543 1334 3590 11011
1420 3533 1421 3620 1

291 3641 439 3716 possunt.

353 3741 559 3823 'Quamquam
577 3749 747 3822 antemos,
765 3760 848 3820 quae
863 3746 963 3804 autea
975 3739 1140 3820 leguntur,
1153 3737 1210 3804 vix
1223 3747 1335 3808 recte

292 3869 329 3915 se
354 3851 491 3932 habent,
515 3855 625 3914 tamen
648 3850 707 3915 illa
730 3848 765 3913 in
781 3847 878 3912 drrhio
894 3846 1086 3926 relinquam.
1132 3845 1183 3910 Eo
1208 3852 1339 3918 autern
1420 3871 1421 3940 1

291 3959 378 4039 Ιοοο,
404 3959 458 4037 qui
482 3959 514 4022 in
539 3957 733 4039 parenthesi
750 3956 887 4039 legitur,
912 3954 1076 4036 Scaligeri
1094 3953 1340 4025 corniceturam
1420 3955 1421 4000 ἶ

257 4059 260 4065 ’
292 4083 436 4144 sequeus
472 4066 520 4130 sic
555 4065 710 4130 scribam:
745 4066 824 4146 ὅπερ
857 4063 941 4132 εἰκὸς
973 4063 1051 4124 κατὰ
1084 4061 1120 4124 τὸ
1153 4063 1341 4144 ὁμόφυλον
1420 4119 1421 4124 ,

266 4154 270 4178 ‘
291 4175 567 4254 συναγελάζεσθαι,
588 4172 608 4236 i.
627 4192 652 4236 e.
671 4190 754 4252 oriae
773 4170 972 4252 ‹ccrugregari
989 4170 1167 4234 secuudum
1185 4173 1342 4251 generis
1420 4151 1421 4192 1

291 4280 571 4362 propinquitatem
600 4279 672 4346 veri
702 4277 807 4343 simile
833 4281 895 4342 est.
943 4277 1054 4342 Verba
1089 4277 1173 4341 enim
1209 4279 1252 4347 εἰς
1293 4287 1343 4349 τὸ

291 4389 416 4454 variam
434 4389 630 4469 scripturam
648 4387 820 4452 continere
836 4385 993 4452 videntur
1010 4384 1052 4449 ad
1067 4384 1146 4447 κατὰ
1162 4385 1207 4458 τὸ,
1234 4395 1346 4466 quon
1420 4453 1421 4458 ,
