2906 4834
674 211 713 220 ...
763 175 893 238 ηρ..

248 369 331 454 Pag.
355 376 450 453 57⁹,8
474 371 555 436 ὥστε
577 371 711 438 δέκατον
732 374 863 456 μάλιστα
888 373 1027 456 χίνεσὸαι
1049 378 1113 438 τῶν
1137 373 1323 458 ἡμαρτηκό-
1448 375 1449 420 3

292 505 357 545 νων
379 480 419 562 F,
447 483 580 564 δεκάτην
609 481 755 547 coniecit
777 481 967 564 Βελιλιοταε,
1002 481 1063 548 sed
1085 481 1221 550 videtur
1239 487 1327 564 post

293 591 432 672 γίνεσθαι
455 589 667 656 inserendum
692 609 769 656 esse
792 594 904 674 μέρος,
938 609 1002 672 qno
1029 609 1194 673 persaepe
1218 591 1326 656 utitur

202 751 210 768 .
293 696 467 779 Polybius,
491 697 576 763 conf.
601 704 675 780 230
699 701 719 762 ὃ
741 699 845 783 βραχὺ
865 699 1025 769 παντελῶς
1041 701 1080 764 ἂν
1096 700 1209 782 φανείη
1223 700 1326 781 μέρος

292 813 348 888 τῆς
369 809 601 890 προειρημένης
623 809 741 890 χώρας.
790 813 908 890 leant
929 809 1046 892 τὸμὲν
1059 807 1202 871 πλεῖστον
1212 805 1327 870 αὐτῶν
1449 846 1450 888 t

293 915 393 995 μέρος
407 913 583 998 διεφθάρη.
632 919 748 997 658,17
772 915 807 978 ιδ
831 916 867 979 δὲ
888 917 995 979 πλεῖον
1017 916 1123 978 αὐτῶν
1144 916 1245 997 μέρος
1449 890 1450 918 ¹

295 1024 462 1108 διεφθάρη.

250 1129 332 1214 Pag.
356 1135 474 1212 590‚ll
500 1134 563 1203 ἕως
584 1134 644 1215 μὲν
664 1133 795 1217 γὰρ-τῆς
810 1140 875 1198 τῶν
891 1135 1124 1217 ἀστυγειτόνων,
1148 1137 1190 1199 ἔτι
1213 1135 1248 1199 δὲ
1270 1139 1330 1218 τῆς

294 1237 563 1322 Πελοποννησίων
572 1242 678 1306 αὐτῶν
691 1243 792 1324 ἀρχῆς
801 1243 933 1324 λψίεντο,
943 1247 1199 1317 συνεξεποιοῦνιο
1211 1249 1278 1314 ταῖς
1288 1245 1327 1307 ἔκ

293 1353 348 1428 τῆς
362 1346 556 1430 Λακωνικῆς
572 1349 667 1431 αὐτῆς
682 1349 861 1430 ἐπαρκείαις
875 1350 929 1414 καὶ
944 1352 1119 1434 χορηγίαις,
1135 1351 1328 1434 προχείρους

234 1485 237 1492 ’
292 1454 352 1536 μὲν
375 1456 498 1537 ἔχοντες
519 1455 575 1525 τὰς
597 1461 663 1522 τῶν
683 1457 866 1539 ἐπιτηδείων
888 1459 1105 1539 παρασκευὰς,
1139 1461 1262 1541 ταχείας
1290 1459 1328 1522 δὲ
1450 1475 1451 1500 ³

293 1564 476 1645 ποιούμενοι
489 1563 545 1634 τὰς
556 1566 599 1633 εἰς
609 1564 666 1646 τὴν
676 1563 793 1628 οἰκείαν
803 1565 979 1636 ἐπανόδους
988 1566 1042 1630 καί
1051 1566 1276 1648 παρακομιδάς
1287 1565 1328 1631 F.

364 1671 415 1736 Ad
440 1672 545 1737 Verba
571 1673 695 1753 ταχείας
722 1672 757 1734 δὲ
780 1673 963 1755 ποιούμενοι
987 1673 1042 1743 τὰς
1064 1674 1107 1743 εἷς
1129 1673 1184 1755 τὴν
1207 1673 1329 1736 οἰκείαν

295 1779 472 1849 ἐπανόδους
495 1779 548 1842 καλ
571 1781 795 1862 παρακομιδός
819 1779 1120 1863 Schweighaeuser
1136 1779 1327 1848 adnotavit:

294 1905 456 1968 veremur,
488 1905 529 1953 ne
558 1905 623 1953 non
652 1888 855 1955 satisreete
879 1887 1094 1970 interpretati
1119 1889 1220 1955 simus
1246 1889 1324 1971 „vel

296 1995 420 2060 demum
446 1996 511 2077 ipsi
534 2001 692 2078 repetere
712 1998 769 2064 vel
792 2018 848 2064 res
871 1997 1085 2063 necessarias
1109 1995 1326 2063 advehendas
1451 1995 1452 2066 3

295 2106 448 2186 eu1·are,“
474 2123 539 2170 nen
563 2104 676 2188 agitur
700 2123 781 2170 sane
806 2105 847 2170 de
871 2107 971 2172 rebus
996 2105 1090 2170 domo
1109 2099 1328 2186 advehendiS‚

294 2229 370 2278 nam
393 2215 436 2282 είς
458 2213 514 2295 τὴν
538 2214 655 2276 οἰκείαν
677 2213 807 2294 pariter
831 2211 870 2278 ad
895 2214 1073 2284 ἐπανόδους
1097 2217 1132 2278 et
1155 2213 1198 2278 ad
1220 2233 1327 2294 παρα-

295 2322 431 2404 κομιδὴν
453 2320 612 2401 refertum
647 2320 775 2386 rectius
800 2319 948 2386 fortasse
972 2321 1199 2388 Casanbonns:
1228 2337 1326 2399 quarn

295 2428 390 2495 brevi
414 2435 563 2511 tempore
589 2432 625 2493 et
648 2425 787 2494 domnm'
798 2428 865 2510 ipsi
881 2432 1077 2510 repeterent
1094 2432 1129 2493 et
1145 2445 1206 2494 ena
1223 2427 1326 2494 etiam

296 2538 532 2603 conveherent.

361 2644 429 2710 Sed
451 2645 657 2728 παρακομιδή
680 2646 743 2711 hae
766 2645 855 2728 loeo,
888 2650 925 2711 nt
951 2663 1117 2726 persaepe
1151 2643 1249 2726 alias,
1283 2642 1325 2708 de

295 2753 396 2819 rebus
421 2752 515 2818 dome
545 2753 750 2820 advehendis
783 2752 907 2818 dietum
941 2758 1008 2836 est,
1041 2751 1126 2818 conf.
1151 2757 1247 2834 63,10
1269 2753 1326 2822 τάς

295 2885 326 2924 τε
349 2862 506 2943 σιταρχίας
528 2862 786 2943 παρακομίζοντα
806 2868 870 2931 τοῖς
883 2860 919 2923 τὸ
935 2861 1107 2943 Λιλύβαιον
1121 2861 1326 2942 πολιορκοῦσι

297 2974 361 3035 tet.
418 2970 724 3050 τεκνοποιεῖσθαι
756 2969 812 3051 τὴν
843 2968 1070 3050 παρακομιδὴν
1103 2971 1168 3031 τῶν
1197 2965 1236 3030 ‘da
1270 2973 1327 3050 τῆς

297 3080 406 3160 χώρας
429 3079 618 3160 ἀναγκαίων.
671 3081 766 3158 999,3
791 3079 825 3139 αἱ
847 3076 907 3158 γὰρ
929 3076 1199 3158 τῶνέπινηδείων
1220 3097 1325 3158 παρα·

296 3186 425 3269 κομιδαί
448 3186 698 3268 κωλυδησονται.
754 3211 757 3218 ·
1010 3179 1011 3186 '
1045 3191 1047 3196 '

321 3312 323 3320 ’
363 3293 437 3358 Ηοα
472 3295 547 3359 Ιοαο
582 3293 636 3356 καὶ
670 3289 896 3374 παρακομιδὰς
927 3287 1209 3372 transponendum
1246 3307 1325 3356 esse

296 3400 430 3467 videtur
453 3406 532 3482 post
555 3399 767 3482 παρασκευὰς,
791 3397 847 3464 ubi
872 3398 993 3480 optime
1019 3397 1167 3478 quadrat.

252 3507 348 3592 Pttg.¹
368 3514 481 3591 6083]
520 3509 660 3590 ἐσόμεθα
692 3507 836 3589 πολέμιοι
869 3511 932 3576 τοῖς
967 3505 1049 3586 πρὸς
1082 3503 1326 3587 Καρχηδονίους

296 3618 481 3700 πολεμοῦσι,
504 3617 603 3699 χωρὶς
625 3615 781 3698 βασιλέοιν
803 3614 858 3677 καλ
872 3613 997 3677 πόλεων
1012 3613 1066 3676 καὶ
1080 3613 1226 3695 λιμένων,
1242 3611 1326 3693 πρὸς

297 3727 353 3794 οὓς
384 3727 460 3807 ἡμῖν
492 3725 565 3787 εἰσιν
598 3724 689 3804 ὅρκοι
716 3723 769 3786 καὶ
792 3722 889 3804 φιλίαι
912 3719 951 3802 F,
983 3717 1109 3784 πόλεων
1131 3717 1185 3783 καί
1207 3719 1325 3791 ἕδνων,

296 3832 378 3914 πρὸς
412 3835 432 3895 ἃ
469 3829 614 3896 coniecit
645 3828 844 3894 Dindorflus.
898 3829 1009 3908 Atque
1044 3845 1092 3894 'a-
1110 3829 1153 3892 24
1184 3825 1326 3908 legimns

297 3941 396 4024 χωρὶς
418 3940 573 4022 βασιλέοιν
605 3938 658 4001 καὶ
690 3937 816 4000 πόλεων
843 3935 896 3998 καλ
924 3936 1038 4008 ἕὸνῶν,
1052 3923 1054 3930 ’
1067 3934 1150 4017 πρὸς
1171 3935 1228 4002 οὓς
1249 3934 1326 4016 ἡμῖν

296 4051 370 4112 εἰσιν
402 4049 492 4130 ὅρκοι
524 4047 579 4110 καλ
611 4046 707 4128 φιλίαι
741 4042 816 4128 (ubi
848 4044 930 4126 πρὸς
961 4046 981 4106 ἃ
1014 4042 1185 4124 corrigere
1217 4039 1327 4106 voluit

259 4175 261 4180 ’
296 4155 427 4241 Naber)
469 4159 505 4220 et
545 4158 662 4235 609,12
701 4152 800 4236 χωρὶς
831 4151 994 4235 1βασιλέοιν
1027 4151 1080 4214 καλ
1113 4149 1238 4212 πόλεων
1271 4147 1326 4210 καί

297 4263 412 4336 ίὸνῶνρ
444 4263 525 4344 πρὸς
556 4265 576 4324 d
605 4263 681 4343 ἡμῖν
707 4262 781 4323 εἰσιν
804 4259 895 4341 ὅρκοι
918 4258 971 4322 καὶ
994 4259 1098 4340 φιλίαι.
1144 4255 1206 4337 Ee,
1229 4271 1326 4334 quem

297 4375 490 4453 tractamus,
513 4369 586 4434 loeo
602 4372 695 4433 certe
713 4385 784 4432 enrn
800 4363 970 4431 Dindorfia
986 4365 1039 4429 καὶ
1054 4365 1161 4428 ἐθνῶν
1177 4361 1325 4428 seriben-
