2854 4834
523 197 742 260 ..33„

141 390 378 474 adscripsisse,
403 391 457 472 qui
478 391 761 473 praepositionem
777 392 856 457 κατὰ
872 391 990 462 melius
1008 394 1169 474 quadrare

140 505 274 581 putaret
308 519 402 580 quarn
434 501 524 582 πρὸς.
571 501 638 566 Sed
669 501 750 582 πρὸς
786 502 930 573 ἀλλοίους
962 521 1045 568 vere
1069 509 1169 584 atque

142 609 285 691 genuina
310 608 476 689 scriptura
501 615 563 674 est.

206 716 298 784 Conf.
334 721 429 798 2530
463 718 620 799 ἄρχεσθαί
649 742 681 781 τε
712 718 767 781 καὶ
800 719 902 801 λήγειν
1014 719 1095 801 πρὸς
1132 720 1169 784 τὰ

141 825 305 888 κελευστοῦ
321 825 574 907 παραγγέλματα.
601 827 696 906 254‚3
712 827 831 906 ἐγένετό
843 851 886 896 τις
898 828 1006 908 εὔροια
1022 829 1169 909 πραγμά-

139 955 203 996 των
237 931 319 1013 πρὸς
349 931 405 1013 τὴν
438 929 473 1006 ἒξ
500 933 600 1014 ἀρχῆς
628 933 776 1016 ἐπιβολὴν
798 940 863 996 τῶν
882 926 1025 1016 Ἀχαιῶν.
1075 939 1168 1016 160,3

140 1041 223 1102 πάνυ
248 1039 282 1104 δὲ
305 1041 387 1122 πρὸς
410 1041 504 1122 λόγον
527 1043 628 1124 ἡγεῖτο
653 1043 799 1123 γίνεσίίαι.
851 1043 902 1108 De
932 1043 1055 1113 ἀλλοῖος
1085 1042 1170 1110 cOnf.

142 1153 259 1228 alana
294 1149 491 1230 ἀλλοιοτέρας
514 1151 628 1214 ἕκαστα
652 1150 794 1232 τυγχάνει
818 1151 1012 1232 δοκιμασίας.

100 1256 176 1338 Pag.
202 1257 296 1336 634,5
321 1255 381 1318 οὐκ
405 1258 467 1320 ἔστι
488 1262 553 1319 τῶν
576 1258 717 1339 αἰσχρῶν
740 1258 794 1320 καὶ
816 1258 936 1330 δεινῶν,
961 1259 1040 1340 ὅπερ
1056 1259 1169 1322 ἀπολέ-

139 1365 245 1428 λοιπεν
268 1364 304 1445 Ρ,
329 1364 476 1429 correxit
500 1363 659 1430 Reiskius
683 1366 919 1446 παραλέλοιπεν.

208 1470 298 1536 Gonf.
318 1477 367 1553 1‚2
384 1474 412 1535 εἰ
423 1523 429 1536 .
443 1524 450 1536 .
465 1523 471 1536 .
484 1473 732 1556 παραλελεῖφθαι
745 1475 906 1556 συνέβαινε
917 1474 972 1538 τὸν
982 1475 1063 1557 ὑπὲρ
1075 1475 1171 1557 αὐτῆς

140 1587 193 1662 τῆς
217 1580 353 1661 ἱστορίας
381 1582 516 1644 ἔπαινον.
567 1585 683 1662 144,12
712 1583 950 1664 ἀμνημόνευτον
977 1583 1170 1664 παραλιπεῖν.

207 1687 283 1752 Ηοο
316 1689 389 1753 loeo
424 1687 558 1754 videtur
585 1687 618 1753 in
649 1689 833 1770 archetypo
858 1707 917 1769 pro
942 1711 1029 1770 παρα
1052 1688 1087 1753 in
1110 1713 1170 1772 περ

142 1800 297 1877 corrupto
322 1795 411 1862 falsa
434 1796 641 1878 praepositio
667 1816 687 1862 a
710 1795 847 1862 librario
873 1795 988 1862 addite
1013 1816 1098 1863 esse.

98 1903 176 1986 Pag.
201 1907 322 1985 adano
349 1904 404 1966 καὶ
431 1904 544 1986 σχεόόν
572 1905 616 1974 εἰς
643 1904 678 1967 τὸ
703 1904 923 1986 παραπλήσιον
946 1905 1087 1987 ἐμπίπτει
1107 1911 1171 1976 τοῖς

137 2013 209 2095 περὶ
223 2012 297 2082 τοὺς
320 2014 353 2076 ἐν
372 2012 549 2095 Ἀκαδημίᾳ
572 2013 690 2082 τόπους
712 2014 846 2094 χείριστα
868 2013 924 2076 τὸν
948 2013 1042 2094 λόγον
1069 2015 1168 2096 ἠσκη-

139 2121 210 2183 κόσι
236 2120 382 2186 coniecit
405 2119 618 2202 Hilltschiusi,
650 2120 764 2202 λόγους
795 2120 850 2183 τὸν
882 2121 1171 2202 προχειριστότατον

11 2223 12 2318 3
139 2228 235 2310 λόγον
258 2229 415 2310 legerunt
438 2229 502 2294 Me.
527 2233 563 2293 et
586 2229 672 2310 Hey.
695 2228 730 2294 in
754 2228 871 2294 oodiee
887 2229 921 2292 M
947 2227 1026 2313 (pro
1051 2227 1170 2308 quibus

11 2363 12 2424 χ
140 2335 359 2402 coniecerunt
390 2337 504 2419 λόγους
535 2337 589 2400 τὸν
616 2337 860 2419 προχειρότατον
883 2336 992 2417 γέλωτι
1015 2334 1170 2416 OrelliUS,

138 2446 254 2526 λόγους
269 2451 332 2514 τοῖς
347 2445 383 2506 τὰ
400 2446 626 2528 προχειρότατα
637 2443 691 2506 τὸν
704 2445 799 2526 λόγον
812 2442 1042 2528 Spengelius).
1073 2442 1170 2508 Hult·
1214 2485 1215 2488 =

12 2611 13 2626 ,
140 2552 256 2618 schius
280 2571 362 2618 vero
383 2552 570 2618 adnotavit:
594 2552 629 2618 in
644 2552 698 2616 τὸν
714 2575 778 2632 προ
793 2552 903 2616 latere
921 2550 1054 2617 videtur
1070 2550 1170 2616 ditto-

12 2701 14 2752 1

13 2815 14 2854 1

140 2659 283 2743 graphia
307 2661 349 2725 ad
371 2645 609 2741 interpolatum
631 2661 754 2743 λόγους.

206 2768 307 2834 Immo
341 2767 477 2833 videtur
508 2767 543 2831 in
576 2769 760 2848 archetypo
795 2767 850 2832 τὸν
881 2791 946 2850 προ
980 2785 1022 2832 ex
1053 2767 1171 2838 τόπους

13 2871 14 2906 λ
139 2881 330 2956 corruptum
347 2895 437 2957 esse,
454 2875 574 2940 deinde
592 2895 634 2939 ex
647 2876 796 2956 proximo
809 2876 1016 2957 γενεαλόγον
1030 2875 1168 2958 (λόγους)

137 2981 172 3048 in
196 2983 284 3048 huno
308 2983 415 3047 loonm
439 2982 527 3048 falso
550 2981 739 3063 irrepsisse.

14 3111 15 3126 ¹
93 3092 175 3172 Pag.
202 3095 321 3172 865,10
345 3092 539 3172 ἐφυγάδευσε
563 3091 597 3154 δὲ
620 3089 692 3160 τοὺς
708 3090 787 3154 κατὰ
804 3090 899 3153 πλέον
915 3090 1043 3172 πλούτῳ
1060 3091 1170 3173 διαφέ-

139 3222 253 3280 ροντας
276 3201 296 3281 ἢ
320 3199 398 3282 δόξῃ
422 3207 598 3283 προγονικῇ
621 3197 679 3263 PF
706 3196 957 3280 (ὅιὰφόαρέντας
980 3195 1064 3281 FS).

206 3307 277 3372 Iam
302 3305 460 3372 Reiskins
486 3305 632 3372 oonieoit
655 3305 803 3370 fortasse
831 3304 903 3376 τοὺς
932 3305 1012 3368 κατὰ
1036 3306 1171 3369 πλοῦτον

142 3415 352 3496 διαφέροντος
376 3415 552 3496 legendnm
578 3433 664 3479 esse.
717 3413 840 3478 Contra
869 3431 964 3494 quem
999 3411 1170 3493 Schweig-

136 3523 297 3587 haeuser:
321 3542 381 3588 nos
399 3523 529 3602 quidem
545 3524 717 3604 vulgatum
735 3520 919 3586 sollicitare
935 3539 1001 3586 non
1017 3519 1171 3601 adsimus

15 3689 17 3712 ζ
138 3630 290 3711 quamvis
314 3631 506 3712 pleonasrno
530 3631 588 3696 illo
615 3649 730 3696 oerore
755 3648 939 3710 possemus.

207 3738 273 3804 Sed
297 3757 470 3821 nusquam,
498 3744 536 3804 ut
552 3758 615 3821 ego
634 3737 750 3820 seiam,
774 3737 854 3801 κατὰ
877 3738 973 3801 πλέον
996 3737 1171 3819 usurpavit

16 3823 18 3898 ἶ
136 3845 311 3928 Polybius,
337 3847 397 3911 sad
413 3849 462 3910 aaa
479 3847 548 3929 (zo)
564 3848 678 3918 πλεῖον,
697 3845 782 3911 conf.
801 3850 869 3926 aar
899 3850 1014 3927 sorar
1043 3851 1170 3928 arear,

17 3941 18 3992 λ
136 3955 218 4018 κατὰ
242 3953 277 4016 τὸ
301 3955 443 4017 πλεῖστον
467 3959 550 4035 88,4.

207 4059 285 4126 Cum
303 4061 461 4144 διαφέρειν
475 4061 683 4126 coniunctum
697 4059 847 4126 videmus
864 4061 951 4142 παρὰ
967 4063 1048 4125 πολύ
1066 4066 1170 4144 933,5,

135 4171 219 4234 πολύ
245 4175 374 4250 951,21,
397 4169 479 4252 πρὸς
501 4169 536 4232 τὸ
559 4170 679 4251 βέλτιον
703 4174 808 4252 989,3.

205 4279 327 4358 Itaque
359 4277 534 4343 Reiskinm
571 4297 694 4357 sequar
729 4282 830 4358 atque
866 4297 925 4358 pro
961 4278 1040 4342 κατὰ
1075 4280 1171 4343 πλέον

18 4375 19 4424 3
137 4385 284 4452 Scribam
309 4387 388 4449 κατὰ
414 4387 558 4459 πλοῦτον,
592 4385 634 4451 ad
664 4385 750 4465 quod
777 4385 811 4451 in
836 4388 1020 4468 archetypo
1044 4388 1171 4468 πλούτῳ

957 4499 975 4558 3
