2906 4834
670 201 707 208 ...
758 167 810 242 22
849 201 886 208 --

288 358 364 422 εῖναι
397 360 491 452 σφίσι,
517 365 581 428 cet.
610 363 683 443 (aa,
719 366 1018 444 quassabantur,
1054 362 1175 443 partim
1198 363 1319 430 lacuna

289 467 488 553 perierunt).
534 468 663 536 Deinde
687 470 836 540 ἐκδότους
860 471 979 534 διδόναι
1003 471 1101 538 vaide
1126 469 1273 538 offendit.

356 575 474 655 Itaque
500 595 599 656 super
624 582 811 658 corruptam
836 577 1032 659 scripturam
1056 577 1122 646 alia
1144 577 1179 644 in
1202 577 1318 644 arche-

290 685 370 767 typo
396 682 522 766 scripta
547 688 608 765 ast,
633 703 717 764 quae
742 690 835 754 certe
859 704 924 754 uon
941 686 1063 752 exalia
1082 685 1196 751 codice
1214 683 1319 764 fiuxit,

290 789 351 856 sed
374 791 415 854 ad
438 790 566 858 librarii
590 791 758 858 cuiusdam
781 792 948 875 ingenium
972 793 1151 864 referenda
1176 798 1238 862 ost.

245 896 326 979 Pag.
351 902 469 980 aduae
493 899 637 982 Ρωμαῖοι
661 901 695 964 δὲ
717 902 784 964 τότε
806 901 865 982 μὲν
878 900 915 963 τὸ
934 901 1195 982 δικαιολογεῖσθαι
1212 902 1318 966 κοιλά-

289 1007 354 1077 παξ
375 1007 592 1088 ἀπεγίνωσκον
608 1007 816 1090 HultsehiUS,
831 1005 968 1093 rooipoe'v
979 1007 1014 1072 τδ
1028 1005 1085 1088 Al,
1097 1008 1133 1072 τὸ
1144 1008 1204 1092 μὲν
1215 1008 1250 1072 τὸ
1261 1005 1319 1090 Αἵ,

288 1110 324 1174 ιδ
339 1113 398 1194 μὲν
415 1113 535 1182 omisso
554 1115 660 1184 altero
676 1115 711 1178 ιδ
724 1115 785 1180 RN
797 1116 906 1198 vulgo.
940 1115 1110 1186 Hultschii
1127 1115 1320 1186 comectnra

288 1239 354 1285 non
377 1223 499 1304 placet,
524 1223 611 1301 quod
632 1224 692 1304 μεν
714 1243 779 1289 nou
804 1223 844 1288 ad
861 1225 938 1297 τότε,
963 1224 1024 1289 sed
1039 1223 1080 1294 ad
1098 1224 1319 1305 δικαιολογεῖσ-

289 1329 345 1392 rim
370 1329 519 1409 quadrat.
566 1328 638 1412 Qua
667 1330 707 1397 do
737 1350 934 1396 causacum
958 1331 1110 1398 Wobstio
1136 1329 1320 1410 consentio,

292 1435 346 1521 qui
369 1437 430 1502 has
454 1437 566 1504 varias
588 1437 771 1519 scripturas
788 1439 822 1502 in
839 1439 1021 1524 archetypo
1038 1437 1144 1504 fuisse
1163 1435 1319 1503 coniecit:

289 1550 344 1606 τοῦ
376 1544 435 1626 μὲν
468 1547 503 1610 et
534 1543 569 1606 τὸ
601 1545 668 1626 μδν.
720 1545 831 1626 Atque
867 1563 938 1610 aum
968 1550 1003 1610 et
1030 1546 1257 1627 ἀπογινώσκειν
1285 1542 1320 1606 τὸ

289 1658 388 1714 ποιεῖν
413 1675 440 1714 τι
464 1651 557 1734 (pag.
583 1655 687 1736 5337,
719 1671 795 1734 pag.
820 1654 933 1735 salu)
963 1655 998 1716 et
1015 1651 1242 1734 ἀπογινώσκειν
1264 1659 1320 1714 τοῦ

289 1765 387 1822 ποιεῖν
418 1783 445 1822 τι
473 1763 584 1841 (36,11
613 1766 647 1826 et
671 1767 753 1843 58,6‚
778 1761 834 1827 ubi
858 1761 953 1828 Dind.
978 1759 1064 1824 falso
1089 1759 1123 1822 ιδ
1149 1758 1320 1840 corrigere

290 1868 412 1950 voluit)
430 1869 514 1954 apud
528 1869 700 1950 Polybium
715 1868 912 1952 inveniatur,
929 1867 1064 1933 difficile
1083 1872 1137 1932 est
1154 1867 1193 1932 ad
1208 1866 1320 1932 dicen·

290 1976 373 2057 dum,
396 1981 503 2041 utrum
527 1996 640 2042 verum
659 1978 712 2043 sit.
758 1977 921 2042 Fortasse
940 1976 1084 2042 secundo
1101 1977 1175 2041 loco
1192 1975 1321 2041 librarii

293 2084 516 2150 coniecturam
553 2086 711 2151 habemus
748 2089 847 2164 atque
883 2102 954 2149 cum
988 2082 1140 2148 Wobstio
1174 2089 1228 2146 τοῦ
1261 2083 1322 2170 μὲν

292 2193 552 2274 δικαιολογεῖσθαι
578 2191 784 2257 scribendum
810 2197 871 2257 est.

245 2301 326 2382 Pag.
359 2304 475 2381 960,27
510 2301 667 2381 συμμίξας
700 2301 734 2363 δὲ
767 2299 819 2362 καὶ
851 2300 1198 2382 καταστρατοπεδεύσας
1233 2299 1322 2381 παρὰ

291 2415 356 2477 ταῖς
372 2410 497 2477 οἰκείαις
514 2408 663 2489 δυνάμεσι
679 2408 741 2471 AR
758 2408 1129 2490 (παραστρατοπεδεύσας
1146 2405 1196 2491 G),
1217 2431 1322 2489 παρα-

291 2516 557 2597 στρατοπεδεύσας
571 2522 636 2585 ταῖς
651 2517 741 2585 ἰδίαις
758 2515 907 2597 δυνάμεσι
924 2513 1151 2596 Oasaubbnus,
1176 2515 1218 2580 ad
1235 2515 1321 2595 quod

292 2623 466 2688 adnotavit
491 2621 801 2705 Schweighaeuser:
833 2623 1005 2704 „placeret
1030 2622 1231 2703 emendatio,
1255 2621 1322 2686 nisi

291 2731 630 2811 παραστρατοπεδεύειν
661 2731 716 2794 τινὶ
750 2735 945 2796 constanter
977 2729 1060 2796 alias
1094 2729 1135 2795 de
1168 2729 1322 2795 hostibus

292 2842 484 2919 usurpatum
500 2838 660 2921 viderem,
683 2843 796 2904 castra
813 2837 934 2904 castris
953 2839 1075 2904 collata
1090 2838 1318 2904 habentibus.“

360 2946 423 3012 Sed
456 2954 522 3016 ταῖς
554 2947 644 3017 ἰδίαις
678 2948 827 3029 δυνάμεσι
861 2946 903 3010 ad
930 2945 1068 3029 milites,
1102 2965 1183 3027 quos
1208 2965 1321 3010 secum

293 3055 386 3120 duxit
402 3054 569 3136 Tiberius,
585 3054 795 3120 referendum
812 3073 888 3120 esse
902 3053 1048 3136 videtur,
1064 3058 1101 3119 ut
1112 3073 1187 3136 pag.
1203 3057 1321 3134 3083?

291 3163 446 3246 legimus:
469 3171 532 3232 ταῖς
555 3163 615 3245 μὲν
639 3163 708 3227 δνσὶ
730 3166 838 3245 μέρεσι
862 3165 1187 3244 κατεστρατοπέδευσε.

359 3270 433 3337 Ηοσ
456 3272 529 3336 loco
553 3271 587 3335 iu
604 3271 786 3354 archetypo
803 3271 889 3353 παρὰ
906 3271 993 3336 falso
1013 3270 1131 3350 aliquis
1150 3269 1323 3351 corrigere

291 3378 399 3446 voluit
421 3397 480 3459 pro
504 3379 597 3450 nurci,
622 3378 677 3458 qui
701 3380 857 3461 συμμίξας
882 3383 916 3443 et
942 3377 1323 3461 (παραγστρατοπεδεύσας

293 3488 335 3553 ad
357 3493 422 3558 ταῖς
446 3488 571 3556 οἰκείαις
595 3486 744 3568 δυνάμεσι
768 3485 881 3552 traxit.

248 3596 329 3678 Pag.
354 3600 471 3676 328,18
497 3596 527 3658 oi
550 3593 578 3657 δ’
603 3595 690 3656 αὐτοὶ
713 3593 794 3675 πρὸς
817 3594 899 3658 ὅπλα
922 3595 975 3657 καλ
998 3595 1167 3676 πολεμίους
1188 3594 1323 3674 ἀγεννεῖς

293 3705 346 3767 καὶ
369 3710 423 3786 τῆς
447 3727 480 3784 γε
503 3703 673 3784 πολεμικῆς
695 3701 801 3782 χρείας
822 3707 876 3783 τῆς
899 3701 966 3764 κατ’
991 3701 1092 3781 ἀνδρα
1111 3700 1170 3782 μὲν
1186 3701 1239 3763 καὶ
1254 3700 1322 3765 κατ’

293 3813 373 3876 ἰδίαν
397 3812 532 3892 εὐχερεῖς
555 3810 610 3872 καί
630 3809 808 3890 πρακτικοὶ,
841 3816 931 3890 κοινῇ
961 3808 1071 3872 δὲκαὶ
1094 3808 1171 3890 μετὰ
1195 3808 1322 3890 πολεμι-

293 3929 352 4004 κῆς
376 3921 468 3983 ἐνίων
492 3919 667 3989 συντάξεως
690 3917 844 3993 ἄπρακτοι
867 3915 957 3980 AFP
983 3915 1071 3981 Suid.
1094 3916 1133 3981 R.

361 4029 426 4094 Pro
451 4027 542 4090 ἐνίων
566 4023 710 4090 cordeait
730 4025 866 4094 ἐπιόντες
881 4022 1046 4105 Oampius,
1071 4022 1198 4089 delevit
1213 4024 1325 4090 Nabar

296 4137 469 4217 suspicans
493 4132 599 4201 fuisse
624 4132 698 4198 olim
724 4133 765 4198 ad
788 4132 959 4214 πολεμικῆς
982 4131 1108 4198 variam
1127 4131 1323 4216 scripturam

292 4268 391 4326 εμιων
425 4242 444 4306 i.
482 4260 509 4305 e.
567 4242 740 4324 bairaima,
779 4239 822 4304 ad
861 4259 944 4320 quae
984 4241 1087 4306 verba
1125 4238 1324 4304 Hultschius

295 4351 480 4420 adnotavit:
519 4367 631 4415 verum
673 4347 743 4413 sine
777 4346 873 4416 dubio
906 4348 1078 4431 πολεμικῆς
1110 4345 1238 4419 illatum
1273 4351 1324 4414 est
