2906 4834
637 205 679 264 ετ
726 238 767 244 --

165 396 376 484 protulerint.
405 396 570 462 Fortasse
587 397 718 478 γνώμας
732 395 907 478 legendum
921 400 987 477 ost,
1004 401 1196 476 quamquam

168 503 328 586 exemplis
352 505 438 576 hono
463 503 661 586 scriptoram
684 503 804 570 fulcire
827 523 894 570 non
916 521 1060 585 possum.

125 633 203 714 Pag.
225 635 410 712 862431032
433 630 468 694 δὲ
491 631 543 694 ἐπί
563 651 645 700 τινος
664 633 832 712 ἡγεμονίας
846 655 924 713 μετα
938 635 1035 694 ταῦτα
1049 634 1195 715 τεταγμέ-

149 763 231 810 νοις
254 740 283 804 Ρ
306 739 399 819 Suid,
421 736 488 820 μετ’
510 738 606 802 αὐτὸν
622 737 768 804 oooieoit
784 730 1092 821 Schweighaeuser.
1131 739 1197 804 Sed

148 849 243 929 μετά
266 871 332 912 τινα
355 848 525 919 τάττεσθαι,
544 850 705 926 quantum
729 864 792 928 ogo
817 846 932 928 sciam,
956 845 1114 930 Polybius
1131 866 1196 912 non

167 955 313 1038 scripsit.
344 953 509 1020 Fortasse
526 953 702 1036 legendum
719 960 773 1020 ost
788 947 842 1018 ὕπ’
856 956 960 1028 αὐτὸν,
978 955 1063 1020 conf.-
1075 945 1196 1037 488314

151 1064 236 1145 ’περὶ
258 1063 332 1133 τοὺς
353 1061 410 1144 ’ὑφ’
434 1060 530 1126 αὑτὸν
552 1063 766 1144 ταττομένους.
814 1059 943 1144 v896521.

123 1189 204 1272 Pag.
228 1193 347 1270 storo
382 1190 553 1272 γενομένης
585 1186 620 1252 δὲ
651 1195 706 1272 τῆς
737 1189 947 1272 ἀπορρήαεονς
975 1191 1088 1273 ταύτης
1112 1193 1197 1255 ἅπαν

166 1293 202 1361 τὸ
218 1290 382 1380 γινόμενον
397 1295 603 1380 ἀνεπίληπτον
618 1298 697 1370 ἕξειν
711 1298 848 1380 ὑπέλαβε
863 1298 919 1380 τὴν
931 1300 1112 1380 προαίρεσιν
1127 1297 1196 1384 (F).

168 1405 235 1471 Sed
266 1425 331 1470 non
357 1406 394 1469 τὸ
423 1407 595 1488 γινόμενον,
620 1405 681 1469 sed
705 1403 816 1486 Scipio
839 1405 895 1487 τὴν
917 1407 1099 1488 προαίρεσιν
1114 1401 1143 1470 ¹i.
1169 1425 1196 1472 θ.

168 1512 342 1579 oonsilium
354 1514 489 1580 'habero
505 1511 647 1579 videtur.
686 1511 804 1592 Itaque
820 1511 968 1578 fortasse
987 1511 1196 1580 scribendum

148 1627 222 1688 ‘est
244 1621 326 1704 πρὸς
347 1627 412 1686 πᾶν
433 1621 469 1684 τὸ
493 1621 658 1702 γινόμενον
682 1625 745 1686 cet.
792 1619 883 1686 (λαοί.
904 1623 1019 1702 1325,7
1037 1621 1119 1704 πρὸς
1134 1629 1197 1685 πᾶν

166 1730 201 1793 τὸ
217 1729 511 1812 παραγγελλόμενον
526 1730 643 1809 ἕτοιμοι
658 1729 771 1799 πάντες
787 1727 868 1801 εἰσίν,
894 1747 1086 1810 quamquam
1111 1730 1197 1796 c'er'ti

166 1837 249 1905 nihil
271 1835 348 1902 inde
374 1836 527 1903 officitur.

126 1965 206 2046 Pag.
230 1968 349 2046 913‚19
382 1965 564 2046 προσέκειτο
598 1962 658 2046 γὰρ
688 1963 775 2046 αὐτῷ
802 1964 921 2033 πάντας
943 1963 1016 2034 τοὺς
1039 1965 1198 2048 ἐπιφανεῖς

170 2073 289 2156 ἄνδρας
322 2070 470 2138 ἐκποδὼν
501 2079 628 2154 ποιῆσαι
658 2068 695 2152 Q.
748 2069 860 2160 Verbo
893 2073 1100 2154 προσκεῖσθαι
1132 2093 1197 2138 non

168 2179 271 2246 utitur
295 2179 454 2262 Polybius
478 2178 544 2244 nisi
568 2178 716 2244 notione:
750 2178 915 2244 adiectum
940 2199 1030 2261 osso,
1064 2179 1197 2246 deindo:

167 2307 303 2372 urgere,
330 2307 495 2370 promere,
518 2286 656 2353 instare.
703 2285 794 2354 Oonf.
821 2292 916 2370 1224
939 2289 1075 2370 ἐνεργῶς
1098 2311 1196 2370 προο-

169 2398 285 2460 έκειντο
326 2404 363 2480 τῇ
395 2395 558 2480 Μεσσήνῃ,
627 2399 743 2477 203‚1o
778 2396 914 2479 ἐνεργῶς
943 2387 1128 2488 ’προσέκειτο
1160 2404 1197 2480 τῇ

168 2505 341 2586 πολιορκίᾳ.
359 2507 475 2585 953,11
486 2505 735 2585 προσκειμένους
743 2509 809 2573 ταῖς
819 2495 982 2586 φυλακαῖς.
1007 2509 1126 2586 99930
1137 2524 1197 2586 pro

157 2591 396 2694 ’προκειμένους
413 2609 466 2676 FS
489 2617 585 2677 roste
610 2616 828 2702 corroserunt
850 2614 1100 2694 προσκειμένους
1123 2609 1196 2674 ΗΣ.

234 2739 309 2806 Ηοο
344 2739 418 2803 loco
454 2737 617 2822 προέκειτο
636 2737 861 2818 'scribendum
881 2733 964 2820 ost,
1002 2717 1197 2830 nom'haoo

170 2852 223 2912 ost
259 2845 429 2912 sententia
464 2845 560 2916 huius
594 2846 674 2912 loci:
713 2846 921 2933 Agathocles
958 2865 1070 2914 omnes
1105 2845 1196 2912 viros

146 2937 297 3019 ¹nobiles
321 2954 540 3020 removendos
566 2974 642 3052 osso
667 2943 875 3040 decreverat.

235 3080 326 3147 Cous.
345 3086 461 3162 262,20
478 3082 641 3162 προέκειτο
661 3081 720 3168 μὲν
744 3079 801 3152 οὖν
825 3082 912 3162 αὐτῷ
935 3080 1015 3147 κατὰ
1038 3079 1094 3162 τὴν
1117 3079 1198 3145 ἰδίαν

169 3189 300 3271 γνώμην
323 3189 463 3270 χρῆσθαι
477 3193 540 3260 τοῖς
555 3193 700 3270 παροῦσι.
749 3193 888 3269 115899
913 3187 952 3270 ἦν,
976 3187 1035 3268 γὰρ
1059 3187 1094 3264 τὸ
1117 3209 1197 3268 προ-

167 3297 312 3378 κείμενον
335 3297 439 3366 αὐτοῖς
463 3315 517 3328 ·’·
542 3296 724 3385 ἀλλοτριοῦν
746 3294 800 3357 τὸν
825 3294 935 3378 δῆμον.

127 3425 209 3506 Psg.
233 3427 350 3504 916,17
376 3441 405 3454 ··
424 3441 430 3453 ·
455 3423 515 3486 οὐκ
539 3421 699 3502 ἀπήλπιζε,
723 3421 864 3502 νομίζων
883 3421 936 3484 καὶ
951 3420 1030 3484 κατὰ
1046 3421 1102 3502 τὴν
1117 3422 1198 3486 ἰδίαν

168 3533 226 3614 μὲν
258 3533 359 3614 κρίσιν
393 3530 488 3600 αὐτὸς
522 3529 748 3611 ἁξιχρτώτερος
785 3528 937 3610 ὑπάρχειν
965 3527 1198 3608 Ἀγαθοκλέους

167 3639 249 3722 πρὸς
264 3645 328 3718 πᾶν
344 3640 385 3705 ἔτι
401 3638 530 3720 μᾶλλον,
553 3636 796 3717 πυνθανόμενος
819 3634 854 3698 δὲ
877 3634 929 3698 καὶ
944 3634 999 3704 τὰς
1013 3632 1070 3717 ὑφ’
1087 3635 1199 3699 ἑαυτὸν

168 3751 356 3832 ταττομένας
380 3747 528 3828 δυνάμεις
551 3765 604 3777 ’··
629 3742 677 3808 ἐπ’
696 3744 812 3824 -ἐκείνῳ
835 3743 890 3812 τὰς
913 3743 1039 3812 ἐλπίόας
1061 3743 1141 3824 ε’χειν
1161 3742 1198 3824 Q.

236 3857 301 3923 Pro
325 3858 367 3919 ἔτι
390 3856 518 3938 μᾶλλον,
545 3852 630 3934 quod
645 3850 844 3920 Hultsohius
867 3869 993 3931 quoque
1011 3854 1199 3932 corruptum

171 3985 247 4032 osse
264 3967 396 4044 osnsot,
422 3961 567 4032 coniecit
582 3961 748 4044 ἐπιβάλλον
763 3958 916 4025 Εοαεταε
941 3957 1076 4042 (debuit
1091 3959 1198 4038 τούπι-

169 4072 294 4156 sotto,
317 4075 357 4136 ut
377 4069 575 4136 Hultsohius
600 4065 769 4152 adnotat).
914 4076 918 4081 ’

237 4181 312 4264 Ego
338 4179 467 4261 quidem
492 4178 541 4246 sio
566 4177 775 4244 scribendum
800 4195 876 4244 esso
898 4194 1034 4244 conseo:
1058 4177 1199 4258 νομίζων

170 4312 223 4325 ···
248 4291 494 4371 ἀξιοχρεώτερος
516 4289 668 4369 ὑπάρχειν
688 4285 920 4366 Ἀγαῦοκλέοος
943 4284 1025 4366 πρὸς
1051 4290 1123 4357 πᾶν,
1157 4286 1199 4347 ἔτι

170 4401 204 4464 δὲ
238 4399 358 4482 μᾶλλον
391 4396 634 4481 πυνθανόμενος
669 4397 733 4459 cet.
793 4391 957 4474 Opposita
996 4393 1082 4458 enim
1122 4397 1199 4459 sunt
