2906 4834
544 201 763 262 ..41-.

111 396 191 479 Pag.
215 400 334 478 494,23
355 395 541 478 Ἱππόλοχος
574 403 650 478 γοῦν
684 397 702 459 ὁ
737 394 888 464 Θετταλὸς
922 396 961 458 οὗ
995 393 1072 476 μετὰ
1105 393 1186 457 πολὺ

153 507 351 586 τριακοσίους
374 506 476 574 ἱππεῖς
499 501 574 586 ἧκεν
594 505 679 586 ἔχων
698 503 780 584 πρὸς
796 503 891 566 αὐτὸν
906 509 970 565 τῶν
987 501 1050 566 ὑπὸ
1067 501 1185 564 Πτολε-

154 619 251 694 μαῖον
273 612 470 693 ταττομένων
493 613 565 676 AR.

223 720 386 784 Narratur
418 719 481 784 hoo
514 720 587 784 looo
622 719 806 799 complures
834 717 926 783 viros
951 737 971 782 a
993 717 1186 781 Ptolemaeo

157 827 200 892 ad
216 827 415 892 Antiochum
435 826 617 908 delenisse,
641 831 679 891 ut
703 845 804 892 versu
829 831 870 890 20
895 825 1035 906 legimus
1060 825 1103 894 εἷς
1124 829 1188 886 τῶν

155 935 219 998 ὑπὸ
238 935 437 1016 Πτολεμαῖον
451 937 649 1016 ταττομένων
664 935 828 1016 ὑπάρχων,
854 935 970 1016 ἀπέστη
987 933 1069 1014 πρὸς
1084 932 1187 994 αὐτὸν.

154 1043 287 1108 Deinde
311 1042 465 1123 pergitur
488 1043 623 1112 πολλοὺς
640 1044 823 1124 ε’μετεώρισε
838 1048 902 1104 τῶν
917 1041 1004 1122 παρὰ
1020 1047 1084 1109 τοῖς
1099 1041 1188 1102 ἐναν-

155 1153 231 1220 τίοις
265 1152 440 1232 ἡγεμόνων.
488 1151 599 1229 Atque
632 1149 661 1213 Si
695 1149 810 1213 deinde
844 1148 976 1213 additur
1005 1149 1189 1229 Ἱππόλοχος

158 1267 236 1342 γοῦν
273 1263 350 1340 oet,
384 1277 447 1338 per
482 1277 519 1322 se
556 1258 667 1322 eluoat
699 1257 789 1322 illum
824 1259 925 1322 antea
953 1276 972 1320 a
997 1257 1188 1320 Ptolemaeo

162 1365 313 1432 stetisse.
361 1365 433 1448 Qua
466 1365 506 1430 de
541 1384 643 1430 causa
675 1365 748 1429 veri
782 1364 889 1429 simile
918 1369 972 1428 est
999 1365 1104 1429 verba
1125 1369 1190 1426 τῶν

157 1475 221 1540 ὑπὸ
245 1474 444 1556 Πτολεμαῖον
466 1476 664 1556 ταττομένων
690 1473 808 1557 (versu
835 1471 906 1558 24),
941 1491 1025 1552 quae
1058 1471 1091 1537 in
1124 1473 1189 1537 fine

159 1587 350 1653 sententiae
373 1586 488 1651 mirum
512 1587 637 1651 habent
664 1586 784 1665 lorum,
819 1603 860 1647 ex
893 1601 995 1648 versu
1024 1589 1065 1648 20
1094 1601 1189 1662 repe·

159 1695 243 1762 titos
268 1714 354 1762 esse.

116 1803 197 1885 Pag.
223 1799 340 1875 690'228
364 1804 476 1866 τούτου
501 1805 535 1867 δὲ
562 1804 696 1887 τάνδρὸς
725 1804 803 1868 εἶναί
833 1827 928 1886 φασιν
960 1805 1036 1883 ἔργα
1069 1802 1122 1864 καὶ
1153 1800 1189 1862 τά

158 1913 238 1976 κατὰ
250 1912 443 1994 τὴνἸταλίαν
455 1914 497 1982 εἰς
508 1912 651 1994 Ἀννίβαν
668 1912 891 1994 ἀναφερόμενα
907 1911 978 1991 περὶ
992 1917 1047 1993 τῆς
1063 1909 1190 1990 ὠμότη-

158 2039 218 2090 τος’
244 2021 303 2101 οὐχ
325 2018 416 2102 ἦττον
440 2020 474 2082 δὲ
497 2021 550 2082 καὶ
573 2025 637 2082 τῶν
658 2020 870 2100 περιστάσεων
893 2019 929 2084 Ρ.

229 2127 341 2192 Verba
365 2127 399 2190 δὲ
422 2128 475 2191 καὶ
497 2134 562 2192 τῶν
585 2129 796 2208 περιστάσεων
816 2127 881 2192 iam
898 2124 1070 2192 Relskium
1088 2123 1188 2189 offen·

162 2235 294 2324 derant,
319 2235 379 2300 sed
402 2239 475 2300 tota
492 2233 676 2300 enuntiatio
694 2235 753 2318 οὐχ
769 2232 860 2315 ἧττον
884 2233 918 2297 δὲ
941 2233 1081 2298 καὶτῶν
1104 2255 1190 2312 περι-

163 2344 302 2406 στάσεων
316 2342 522 2423 interpolata
539 2361 615 2406 esse
631 2341 774 2407 videtur.
821 2340 928 2406 Versu
954 2339 1039 2405 enim
1055 2345 1075 2404 8
1092 2339 1190 2420 ΡοΙγ-

161 2449 236 2515 blus
261 2448 356 2514 dicit:
387 2450 443 2519 τὰς
469 2450 528 2531 μὲν
556 2447 613 2512 οὗν
635 2455 700 2512 τῶν
723 2450 934 2529 περιστάσεων
956 2447 1118 2530 ὑποβολὰς
1141 2448 1191 2509 εὐ-

162 2557 250 2642 χερὲς
273 2558 327 2620 καὶ
351 2558 402 2620 διὰ
424 2563 488 2621 τῶν
511 2558 752 2639 προειρημένων
775 2557 828 2619 καί
851 2555 901 2618 διὰ
925 2561 989 2618 τῶν
1004 2555 1080 2637 μετὰ
1096 2561 1192 2628 ταῦτα

162 2667 397 2748 ῥηθησομένων
421 2667 624 2747 καταμαθεῖν,
656 2665 711 2734 τὰς
744 2665 778 2728 δὲ
805 2670 869 2726 τῶν
896 2663 998 2745 φίλων
1022 2664 1081 2725 οὐκ
1105 2663 1193 2734 ἄξιον

163 2774 347 2856 παραλιπεῖν
372 2777 471 2852 atque
495 2773 558 2836 hoo
584 2776 619 2836 et
636 2769 789 2850 sequenti
807 2769 918 2850 eapite
936 2769 976 2833 de
993 2767 1192 2832 Hannibalis

165 2881 278 2948 amieis
313 2879 434 2963 agitur.
491 2879 571 2944 Tum
609 2897 684 2961 pag.
721 2883 835 2960 691,λὶ
871 2877 984 2960 pergit
1019 2875 1192 2957 Polybius:

162 2991 244 3072 πλὴν
277 2991 322 3052 ὅτι
355 3013 388 3070 γε
421 2989 474 3050 καὶ
506 2989 561 3070 τὴν
590 2988 732 3069 Ἀννίβου
766 2988 860 3068 φύσιν
889 2987 927 3048 οὐ
956 2986 1057 3067 μόνον
1085 2987 1104 3065 ἡ
1129 2989 1193 3046 τῶν

163 3099 265 3182 φίλων
287 3099 475 3178 παράθεσις,
499 3098 540 3160 ἔτι
564 3095 598 3158 δὲ
621 3096 740 3176 μᾶλλον
764 3097 782 3176 ἡ
807 3100 871 3157 τῶν
894 3091 1090 3175 πραγμάτων
1106 3093 1192 3172 περί-

163 3231 266 3277 στασις
288 3207 426 3289 ἐβιάζετο
449 3206 502 3268 καὶ
523 3204 697 3286 μετετίθετο
721 3203 869 3271 πολλάκις
894 3205 957 3265 oet.

232 3315 283 3380 Eo
301 3291 423 3394 autem,
449 3331 543 3392 quem
564 3315 748 3375 tractamus
764 3311 852 3389 loeo,
876 3308 917 3372 de
935 3307 1049 3373 amicis
1066 3311 1194 3371 tantum

165 3423 276 3505 agitur
305 3426 405 3501 atque
434 3421 538 3486 verba
567 3420 625 3502 οὐχ
649 3417 740 3500 ἧττον
764 3418 798 3480 δὲ
821 3418 960 3480 καὶτῶν
983 3417 1194 3497 περιστάσεων

166 3530 280 3596 addita
320 3549 396 3594 esse
436 3527 592 3593 videntur
628 3547 647 3591 a
681 3524 832 3606 librario,
872 3523 926 3604 qui
967 3525 1194 3605 argumentum

167 3637 289 3719 eapitis
315 3643 355 3701 26
379 3636 529 3701 indicare
554 3634 668 3701 voluit.

125 3748 205 3829 Peg.
231 3751 346 3826 763‚15
364 3745 489 3813 Αἰνείας
505 3744 539 3806 (ii
555 3743 724 3826 βουληθεὶς
748 3741 990 3822 διορθώσασθαι
1012 3741 1068 3821 τὴν
1090 3739 1194 3801 τοιαύ-

163 3879 219 3937 την
243 3855 391 3934 ἀπορίανε
416 3853 521 3917 verba
545 3852 562 3913 ὁ
586 3849 622 3912 τὰ
646 3850 717 3929 περὶ
732 3855 796 3912 τῶν
810 3849 1035 3930 Στρατηγικῶν
1051 3847 1194 3927 ὑπομνή-

162 3987 246 4046 μστα
262 3962 504 4043 συντεταγμένος
521 3977 570 4040 eo,
588 3977 649 4037 quo
667 3955 817 4037 legimus,
833 3956 905 4020 looo
923 3953 1192 4034 interpolationis

166 4070 388 4152 suspioionem
411 4073 559 4148 movent,
582 4065 647 4130 nisi
672 4067 713 4130 ab
736 4064 954 4144 epitomatore
973 4061 1079 4127 oratio
1096 4063 1194 4142 paulo

165 4180 339 4244 immutata
364 4182 426 4241 est.

121 4289 202 4369 Pag.
227 4291 323 4367 84o,3
349 4286 404 4348 ἐάν
427 4285 488 4367 γάρ
511 4285 546 4346 ἐκ
570 4291 623 4365 της
647 4284 782 4362 ἱστορίας
797 4281 893 4362 Ιε’ξέλη
910 4305 953 4349 τις
967 4279 1003 4342 τὸ
1020 4279 1196 4359 δυνάμενον

165 4395 298 4477 ὠφελεῖν
331 4394 428 4474 ἡμᾶς,
464 4391 498 4454 τὸ
533 4390 642 4454 λοιπὸν
675 4391 770 4472 αὐτῆς
801 4388 918 4470 ἄζηλον
950 4387 1003 4450 καί
1036 4386 1196 4468 ἀνωφελὲς
