2906 4834
679 209 893 274 ..33-

298 399 444 482 (ριοματι
472 401 521 488 F)
554 401 594 484 F,
626 404 720 474 θῖνας
751 404 804 468 καὶ
837 407 953 487 πέτρας
985 406 1131 474 coniecit
1164 406 1326 490 Scaliger,

296 531 380 578 τινας
402 509 611 592 λευκοπέτρας
635 511 947 595 Schweighaeuser.

364 617 485 690 Iunci,
512 618 595 698 qued
615 637 717 702 saepe
742 620 913 688 confusum
939 626 993 688 est
1015 623 1047 688 iu
1066 623 1236 690 codicibus
1255 643 1325 690 cum

297 723 391 796 κατὰ,
420 723 515 792 varie
548 725 714 805 scripture
747 727 791 792 ad
818 729 868 792 ἐπὶ
890 730 998 796 latere
1024 729 1164 798 videtur.
1212 733 1326 813 Atque

298 829 446 898 fortusse
469 833 549 896 κατά
571 857 655 906 τινας
678 835 854 916 legendum
875 842 942 920 est,
967 837 1053 903 ccuf.
1070 843 1326 922 204,1οπροαα-

298 938 406 1020 γαγὼν
430 939 505 1021 ἔργα
529 941 609 1004 κατὰ
631 943 757 1014 πλείους
778 944 903 1014 τόπους.

253 1046 334 1127 Pag.
361 1050 477 1127 794‚10
506 1049 544 1112 οὐ
571 1048 637 1131 μὴν
665 1049 741 1112 ἀλλὰ
764 1057 830 1120 ταῖς
853 1052 926 1134 ἑξῆς
948 1053 1001 1114 ἐπί
1020 1077 1104 1123 τινας
1127 1055 1250 1136 ἡμέρας
1273 1055 1328 1124 τός

298 1177 329 1216 τε
346 1153 494 1236 δυνάμεις
509 1157 690 1230 ἐκτάξαντες
705 1159 738 1222 ἐν
753 1166 799 1241 τῷ
814 1159 931 1240 μεταξὺ
947 1161 1047 1242 πεδίῳ
1069 1161 1140 1243 (καὶ
1155 1161 1326 1248 Huiisch.)

299 1311 305 1324 .
323 1313 329 1325 .
347 1312 353 1324 .
378 1263 631 1346 ἀκροβολισμοὺς
646 1267 851 1348 ποιησόμενοι
867 1267 921 1330 καὶ
936 1271 1218 1350 καταπειράσοντες
1234 1270 1327 1354 ἀλλή-

298 1369 365 1436 λων
389 1375 452 1438 cet.
476 1370 515 1438 F.
986 1438 989 1443 .

366 1485 433 1551 ταῖς
455 1480 528 1562 ἑξῆς
551 1481 603 1544 ἐπί
622 1504 706 1550 τινας
728 1482 851 1563 ἡμέρας
875 1486 968 1549 certe
994 1482 1114 1550 falsum
1139 1489 1201 1566 est,
1226 1491 1327 1566 etque

300 1584 385 1656 duae
422 1585 609 1669 scripturae
644 1588 708 1654 hcc
742 1587 816 1656 loco
852 1588 1010 1656 confusae
1051 1610 1128 1657 esse
1163 1592 1328 1658 videntur.

300 1692 521 1762 Conseruntur
543 1694 578 1764 hi
600 1695 680 1762 loci:
705 1700 822 1776 94130
845 1702 911 1766 ταῖς
932 1697 959 1760 δ’
977 1699 1050 1780 ἑξῆς
1063 1701 1157 1781 μέχρι
1171 1701 1233 1782 μέν
1246 1725 1330 1770 τινος

299 1805 452 1886 ἀσφαλῶς
475 1805 561 1888 όιῆγε
575 1805 631 1888 τὴν
647 1806 797 1887 στρατιάν.
847 1809 962 1887 10513
978 1813 1044 1878 ταῖς
1061 1807 1089 1870 δ’
1106 1809 1179 1891 ἑξῆς
1194 1809 1328 1890 ἡμέραις

366 2023 536 2104 Persaepe
553 2040 634 2087 vero
659 2024 710 2085 ἐπί
731 2041 803 2088 cum
828 2021 1022 2088 accusativo
1047 2021 1217 2090 iuvenitur
1241 2023 1328 2089 simi-

300 2130 379 2196 liter
393 2133 600 2210 usurpatum,
624 2133 661 2194 ut
684 2133 780 2210 3633
805 2135 965 2192 ποιοῦνται
988 2129 1044 2210 τὴν
1067 2131 1173 2212 φυγὴν
1196 2131 1246 2194 ἐπὶ
1270 2132 1329 2194 δύο

300 2239 422 2320 ἡμέρας
444 2237 497 2300 καὶ
519 2243 599 2318 τρεῖς
622 2237 834 2310 ἐκτοπίζοντες
857 2237 979 2306 αὑτούς.
1030 2240 1146 2319 illue
1164 2239 1272 2302 οὐσῶν
1296 2239 1329 2302 δὲ

300 2348 476 2428 πρεσβειῶν
498 2345 625 2408 πολλῶν
648 2345 701 2406 καλ
723 2352 777 2426 τῆς
799 2345 924 2409 εἰσόδου
947 2348 1068 2410 τούτων
1091 2347 1262 2428 γενομένης
1280 2347 1329 2410 ἐπὶ

300 2459 381 2535 τρεῖς
412 2454 541 2536 ἡμέρας.
589 2450 674 2518 conf.
703 2455 834 2532 39630,
867 2455 1001 2534 40037,
1032 2455 1167 2534 46634,
1201 2457 1328 2536 69338,

302 2565 433 2642 63633,
459 2564 590 2642 76930,
617 2564 720 2638 usui.

369 2669 444 2734 Hoc
466 2668 541 2734 lccc
559 2685 622 2750 ego
640 2667 766 2747 quidem
789 2667 941 2748 suspicor
964 2669 1013 2732 ἐπὶ
1035 2668 1091 2738 τὰς
1113 2670 1185 2752 ἑξῆς
1207 2671 1329 2752 ἡμέρας

302 2797 378 2844 esse
395 2795 508 2843 veram
534 2775 731 2856 scripturum
756 2778 856 2854 etque
878 2782 945 2845 ταῖς
968 2777 1041 2858 ἑξῆς
1063 2795 1128 2842 non
1152 2781 1248 2842 recte
1274 2777 1328 2842 ad·

303 2885 461 2966 scriptum
485 2881 753 2964 dittographiam.

256 2996 338 3076 Pag.
363 2997 457 3073 9333
482 2989 558 3055 καθ’
583 2991 660 3054 ὅσον
684 2990 717 3054 δὲ
740 2992 925 3073 προβαίνων
948 2992 1027 3054 κατὰ
1050 2991 1106 3073 τὴν
1129 2992 1251 3074 ἡλικίαν

301 3102 446 3166 κάλλιστα
469 3099 523 3162 καὶ
545 3097 717 3180 σεμνότατα
741 3097 831 3162 δοκεῖ
850 3105 1021 3181 προστῆναι
1043 3105 1098 3162 τοῦ
1121 3123 1153 3162 τε
1176 3101 1330 3181 βασιλέως

301 3211 354 3273 καὶ
377 3215 431 3290 τῆς
453 3207 620 3291 βασιλείας,
654 3206 707 3268 καὶ
738 3205 817 3268 κατὰ
848 3213 997 3270 τοσοῦτον
1020 3207 1073 3269 καὶ
1097 3207 1174 3270 ὅσον
1197 3208 1329 3272 κεκολα-

302 3318 447 3382 κευκέναι
477 3315 533 3396 τὴν
558 3313 791 3394 Ἀγαθοκλέους
818 3314 978 3394 εὐκαιρίαν
1002 3312 1041 3390 F,
1073 3314 1153 3378 κατὰ
1180 3322 1330 3378 τοσοῦτον

304 3421 450 3492 correxit
473 3421 663 3501 Bekkerus,
687 3420 740 3482 καὶ
763 3420 842 3483 κατὰ
857 3427 1006 3484 τοσοῦτον
1022 3419 1098 3484 καθ’
1115 3420 1192 3484 ὅσον
1209 3420 1329 3488 Oescu-

303 3535 417 3600 bonus.

370 3641 448 3706 Oum
471 3641 528 3706 vix
551 3637 705 3720 intellegi
726 3637 848 3719 possit,
873 3655 930 3702 cur
947 3638 1051 3703 verbs
1066 3637 1119 3700 καὶ
1135 3637 1212 3702 ὅσον
1228 3637 1331 3704 inter-

303 3751 417 3832 polata
441 3749 522 3829 siut,
551 3746 714 3827 suspicor,
743 3744 777 3809 iu
806 3746 990 3826 archetypo
1015 3745 1055 3810 ad
1080 3745 1158 3808 κατὰ
1182 3753 1333 3810 τοσοῦτον

303 3856 429 3924 νεοίατο
465 3855 663 3938 scripturam
698 3853 805 3918 fuisse
838 3853 892 3916 καὶ
926 3853 1016 3926 ὅσον,
1053 3852 1137 3932 quod
1173 3872 1215 3918 ex
1251 3872 1334 3920 vere

823 3961 903 4025 κατὰ
926 3967 1084 4025 τοσοῦτον.

305 4071 471 4154 scriptura
496 4075 684 4153 corruptum
709 4072 796 4136 eret:
821 4069 874 4134 καὶ
898 4069 982 4132 ὅσον.

259 4183 339 4264 Peg.
367 4185 506 4263 1040,10
531 4180 600 4242 όόὲ
618 4178 759 4248 Πόπλιος
774 4178 869 4240 πάλαι
885 4176 966 4259 πρὸς
981 4175 1036 4246 τὰς
1050 4175 1130 4240 κατὰ
1153 4175 1209 4259 τὴν
1227 4177 1333 4240 Ἀσίαν

303 4291 431 4371 πράξεις
464 4289 724 4369 παρωρμημένος
747 4287 869 4368 ταχέως
893 4287 993 4348 ἔπεισε
1014 4284 1069 4348 τὸν
1091 4285 1231 4367 ἀδελφόν
1256 4289 1331 4350 cet:

304 4398 425 4480 ταχέως
436 4399 519 4460 ἔσται
530 4418 615 4458 πεισε
627 4393 663 4459 Ο.
699 4393 738 4460 In
750 4395 833 4457 ἔσται
844 4392 940 4459 Varia
953 4393 1121 4474 scriptura
1136 4393 1168 4463 ἐς
1184 4393 1262 4476 (εἰς)
1278 4393 1333 4462 τὰς
