2854 4834
524 219 744 282 ..17-

137 409 290 476 haeuser.
320 408 496 476 Wobstius
509 428 590 477 vero
605 409 761 476 coniecit:
776 413 833 495 τήν
845 436 879 494 γε
890 415 961 495 περὶ
973 421 1028 480 τοῦ
1039 415 1169 498 μέλλον-

137 545 189 590 τος
204 521 312 584 ἐλπίδα
327 521 428 604 μηδὲν
443 523 482 584 ἂν
498 522 534 584 ἐκ
549 527 613 584 τῶν
629 527 685 584 νῦν
700 521 868 602 παρόντων
880 524 1019 606 εὐλόγως
1030 525 1167 608 βεβαιώ-

138 632 255 694 σασδοι
269 631 391 713 μηδένα
407 637 471 694 τῶν
487 637 563 694 νοῦν
579 631 724 714 ἐχόντων.
751 629 818 696 Sed
834 651 905 698 oum
920 632 976 715 τὴν
993 684 998 696 .
1016 685 1022 696 .
1042 634 1170 699 ,ἐλπίδα

136 738 307 819 pendeant
323 758 365 804 ex
380 739 631 822 βεβαιώσασθαι,
647 737 842 803 vooalubum
856 740 957 822 μηδὲν
970 760 1035 806 non
1047 742 1170 822 placet.

204 845 287 912 Mihi
311 845 458 912 codicum
483 845 673 926 corruptela
695 865 736 911 ex
754 846 928 928 archetypi
944 848 1049 914 variis
1067 849 1171 931 scrip-

138 954 223 1020 turis
258 953 456 1035 explioanda
490 973 566 1020 esse
600 954 741 1020 videtur.
792 955 832 1020 In
865 956 1047 1038 archetypo
1085 957 1172 1022 enim

138 1067 276 1144 praeter
297 1063 420 1147 μηδένα
443 1068 508 1126 τῶν
523 1069 600 1126 νοῦν
625 1060 733 1148 (quod
749 1081 851 1128 versu
869 1063 1010 1145 septimo
1027 1064 1170 1152 legitur)

139 1170 228 1236 falsa
258 1171 424 1252 scriptura
451 1171 573 1254 μηδένα
601 1176 665 1234 τῶν
693 1177 749 1234 νῦν
777 1169 883 1235 fuisse
907 1170 1054 1255 videtur,
1088 1191 1172 1252 quae

139 1277 173 1343 in
206 1277 350 1358 priorem
382 1297 516 1344 versum
548 1276 695 1359 irrepsit.
752 1277 871 1357 Itaque
908 1297 980 1344 oum
1014 1279 1172 1345 Bekkero

140 1386 317 1468 legendum
333 1405 409 1452 esse
427 1405 562 1452 censeo:
577 1385 730 1470 μηδέποτ’
747 1388 786 1449 ἂν
797 1387 1036 1469 βεβαιώσασθαι
1048 1388 1172 1472 μηδένα

138 1501 203 1558 τῶν
227 1501 303 1558 νοῦν
327 1495 472 1577 ἐχόντων.
523 1492 724 1576 Quamquam
757 1513 823 1558 non
855 1494 953 1575 plane
988 1494 1172 1561 absolutam

141 1622 218 1670 esse
241 1603 332 1674 hanc,
352 1603 579 1682 quaestionem
603 1602 676 1684 ipse
702 1602 858 1667 concedo.

97 1711 178 1793 Pag.
203 1715 321 1793 254‚26
351 1711 494 1781 Πόπλιος
523 1711 557 1776 δὲ
584 1712 655 1794 περὶ
676 1711 731 1782 ,τὰς
754 1710 850 1780 αὐτὰς
874 1709 1092 1798 ἡμέραςλπρδς
1118 1710 1173 1776 τὸν

140 1818 255 1884 Πάδον
278 1819 422 1902 ποταμὸν
446 1820 507 1902 ἤδη
532 1821 790 1903 πεπεραιωμένος
814 1815 918 1903 A(R).

206 1927 301 2010 πρὸς,
334 1928 420 2008 quod
447 1928 593 2010 ineptum
618 1932 683 2010 est,
712 1927 839 1994 delevit
863 1927 1171 2010 Schweighaeuser,

141 2035 196 2115 qui
221 2035 411 2117 suspicatus
437 2041 492 2102 est
514 2037 596 2119 πρὸς
610 2035 764 2118 imperite
783 2055 824 2100 ex
840 2035 1057 2116 praecedenti
1073 2055 1173 2104 voca·

139 2144 215 2209 bulo
252 2145 373 2226 ἡμέρας
407 2144 587 2225 repetitum
625 2162 710 2208 esse.
772 2144 882 2224 Atque
919 2143 952 2208 in
988 2145 1173 2226 archetypo

138 2251 269 2320 ΠΡΟΣ
290 2271 331 2317 ex
354 2252 550 2316 ΗΜΕΡΑΣ
564 2254 775 2318 obscuratum
792 2251 912 2333 fuisse,
938 2251 1057 2317 deinde
1074 2271 1172 2318 voca-

140 2359 218 2424 bulo
236 2357 432 2422 ΗΜΕΡΑΣ
444 2359 615 2441 adscripto
631 2363 725 2425 recte
744 2364 928 2425 correctum
942 2379 1018 2425 esse
1031 2359 1173 2426 videtur.

97 2468 177 2550 Pag.
204 2471 297 2549 342,1
328 2469 440 2550 καίπερ
468 2468 518 2530 διὰ
545 2469 653 2532 τόπων
679 2469 863 2550 ποιούμενοι
890 2467 945 2538 τὰς
967 2470 1096 2551 πορείας
1120 2470 1171 2532 εδ-

141 2577 298 2639 επιδέτων
321 2576 374 2638 καὶ
396 2576 536 2660 μονονοὺ
561 2577 749 2658 σαλπιγκτοῦ
774 2577 936 2658 δεομένων
960 2577 1030 2642 AR.

209 2683 350 2766 μονονοὺ
375 2704 417 2750 ex
441 2684 667 2766 dittographia
685 2685 786 2766 μόνον
804 2689 838 2749 et
853 2685 955 2766 μόνον
973 2690 1079 2751 ortum
1097 2705 1173 2751 esse

142 2791 229 2858 vidit
251 2791 462 2874 HultsohiuS‚
485 2794 587 2875 μόνον
610 2793 786 2858 Bekkerus
812 2797 948 2859 auctore
972 2792 1151 2862 Gronovio.

211 2899 511 2982 Schweighaeuser
528 2902 714 2968 adnotavit:
741 2902 860 2984 „vulgo
877 2902 1020 2969 velutin
1036 2921 1173 2984 prover·

142 3007 197 3072 bio
223 3006 289 3072 dici
315 3008 447 3072 solitum
470 3008 614 3074 videtur:
648 3014 774 3075 tantum
804 3011 951 3076 tubicine
980 3029 1062 3092 opus
1092 3015 1174 3078 erat.

143 3115 208 3180 Vel
233 3115 322 3180 solus
347 3115 481 3184 tubicen
507 3115 747 3182 adulatoriam
772 3117 979 3182 sufficielat.“

210 3222 309 3288 Certe
337 3223 372 3288 in
396 3225 578 3306 archetypo
603 3225 717 3290 variae
743 3225 929 3306 scripturae
960 3229 1069 3309 erant,
1103 3245 1175 3291 oum

141 3331 283 3415 μονονοὺ
307 3333 404 3413 plane
430 3332 549 3398 selorum
584 3333 642 3415 sit,
674 3335 775 3416 μόνον
808 3335 860 3407 οὐ,
895 3334 980 3414 quod
1005 3333 1174 3416 Schweig-

142 3442 286 3506 haeuser
311 3439 467 3522 coniecit,
493 3445 647 3523 corrupto
670 3442 743 3507 loco
768 3461 843 3523 pag.
866 3446 983 3522 255,13
1008 3440 1175 3507 fulciatur.

210 3547 391 3630 Quaeritur
413 3548 529 3630 igitur,
557 3567 641 3628 quae
665 3567 748 3615 uera
772 3547 940 3628 scriptura
964 3547 1016 3613 sit.
1061 3549 1173 3629 Atque

143 3656 173 3724 si
196 3658 298 3738 μόνον
321 3661 449 3722 rectum
474 3661 579 3738 esset,
613 3655 728 3722 debuit
759 3659 837 3737 post
870 3657 1058 3737 σαλπιγκτοῦ
1087 3657 1174 3738 poni.

142 3764 235 3830 Conf.
268 3766 463 3847 ὀγδοήκοντα
498 3766 600 3847 μόνον
635 3766 750 3847 συνέβη
786 3765 1022 3847 περιλειφθῆναι
1057 3767 1174 3849 σκάφη,

143 3873 304 3940 Similiter
339 3877 445 3955 4734.
487 3878 581 3954 697‚7
615 3875 643 3936 εἰ
674 3873 734 3954 γὰρ
766 3873 848 3954 πρὸς
879 3873 981 3954 μόνον
1013 3872 1176 3943 Αἰτωλοὺς

141 3983 293 4063 πολεμῶν
310 3980 373 4062 FS,
389 3986 482 4046 rcote
500 4001 572 4046 cum
588 3978 637 4045 Ι)2
651 3982 771 4062 μόνους
788 3984 1005 4045 correxerunt
1019 3979 1174 4046 editores.

213 4088 284 4172 Qua
309 4090 349 4155 de
374 4108 477 4154 causa
498 4090 599 4172 μόνον
624 4093 780 4170 corrupta
803 4087 978 4169 archetypi
1000 4087 1175 4170 scriptura,

142 4223 181 4264 ov
208 4196 394 4263 emendatio
419 4195 525 4262 fuisse
550 4196 691 4264 videtur.

96 4309 180 4390 Pag.
199 4310 317 4387 347,ao
334 4307 433 4368 πάντα
447 4304 696 4387 δ’δπισχνοῦνται
707 4306 846 4387 ποιήσειν
862 4304 949 4366 αὐτοὶ
964 4310 1010 4384 τῷ
1030 4302 1175 4387 Φιλίππῳ

141 4416 179 4478 τὰ
203 4415 283 4478 κατὰ
307 4415 362 4496 τὴν
386 4415 579 4496 σομμαχίον;
606 4413 694 4476 αὐτοὶ
717 4418 812 4478 recte
838 4410 982 4477 collibuit
1006 4409 1175 4493 Schweig-

959 4525 977 4584 2
