2906 4834
680 211 902 272 -16-

282 405 397 488 ζητεῖν
414 403 554 471 seclusit
573 404 770 470 Hultschius
786 409 894 488 recte,
917 411 955 472 ut
976 405 1056 470 mihi
1079 405 1228 488 videtur3
1253 424 1328 472 nam
1437 423 1438 428 ’

299 515 398 596 ζητεῖν
414 512 542 578 omuino
559 512 769 580 intolerabile
787 518 854 595 est,
876 533 948 578 cum
963 513 1232 580 Mamertinorum
1247 533 1327 595 pars

298 618 456 686 Romanis
480 621 594 686 urbem
617 620 751 686 tradere
770 621 875 686 vellet
892 638 996 701 eaque
1013 620 1054 685 de
1071 639 1173 688 causa
1187 621 1328 688 Romani

298 747 364 796 nou
393 745 554 809 quaerere
583 727 758 810 deberent,
792 727 949 807 quomodo
972 727 1180 794 Mamertinis
1205 727 1327 794 auxilio

298 836 416 902 venire
439 840 587 918 possent.
626 834 786 918 Quoniam
809 840 918 902 autem
940 835 1094 917 intellegi
1116 853 1181 901 uon
1205 839 1329 918 potest,

299 964 357 1011 our
380 947 479 1027 ζητεῖν
501 943 536 1010 in
560 948 751 1009 contextum
767 943 928 1008 insertum
953 942 1006 1024 sit,
1030 962 1093 1026 ego
1119 943 1270 1024 suspicor
1293 943 1328 1008 in

300 1051 482 1133 archetypo
505 1051 618 1118 varias
644 1050 828 1132 scripturas
857 1052 989 1134 βοηθεῖν
1022 1055 1057 1116 et
1089 1053 1189 1134 ζητεῖν
1211 1050 1328 1116 fuisse.

301 1159 395 1224 Fieri
414 1158 504 1224 enim
527 1159 649 1240 potuit,
671 1163 709 1224 ut
730 1160 862 1242 βοηθεῖν
884 1157 918 1223 in
940 1161 1039 1241 ζητεῖν
1055 1163 1329 1241 corrumperetur,

300 1266 418 1332 deiude
434 1268 566 1350 βοηθεῖν
580 1266 831 1349 restitueretur,
853 1265 1032 1332 cuiusmodi
1047 1264 1325 1347 interpolationes

298 1373 473 1440 nonnullas
497 1372 710 1439 inveniemus.

253 1482 335 1564 Pag.
361 1486 456 1563 106‚8
479 1483 750 1562 παρακαλούντων
776 1483 814 1546 τδ
841 1483 949 1565 πλήθη
972 1481 1018 1564 μὴ
1041 1481 1330 1564 πραδιαλαμβάνειν

299 1588 364 1652 ἀλλ’
388 1591 422 1652 ἒν
444 1590 583 1672 ἀκεραίῳ
606 1591 661 1653 ἐᾶν
683 1587 713 1673 ᾧ
735 1589 804 1654 ποτ’
829 1592 869 1653 ἂν
891 1591 911 1672 ἡ
935 1591 1012 1672 τύχη
1028 1589 1175 1671 βουληθῇ
1191 1589 1327 1670 περιδεῖ-

299 1722 349 1761 ναι
371 1705 481 1762 ταῦτον
502 1697 557 1762 τὸν
580 1699 742 1781 στέφανον.

365 1809 419 1873 Ad
441 1808 566 1873 hiatum
591 1808 780 1874 evitandum
802 1809 965 1875 Beuseler
994 1807 1059 1871 ἀλλ’
1093 1807 1243 1888 ἀκέραιον
1274 1806 1330 1868 έᾶν

300 1915 458 1998 coniecit,
490 1916 686 1982 Hultschius
719 1916 784 1980 ἀλλ’
818 1918 874 1980 έᾶν
900 1919 1050 2000 ἀκέραιον
1074 1915 1248 1997 suspicans
1272 1916 1328 1978 έιῖν

299 2043 359 2104 pro
383 2022 506 2089 vitioso
531 2025 564 2087 έν
587 2023 620 2089 in
644 2024 793 2107 margine
817 2022 1020 2105 adscriptum
1048 2027 1168 2104 postea
1195 2023 1230 2087 in
1254 2041 1332 2088 con·
1442 2063 1443 2072 ι

299 2135 428 2196 textum
450 2131 639 2212 irrepsisse.

368 2240 441 2305 Hoc
466 2258 594 2319 quoque
618 2241 691 2305 loco
715 2239 750 2305 in
773 2241 955 2322 archetypo
979 2259 1061 2306 veru
1085 2240 1250 2321 scriptura
1275 2241 1331 2312 ἐᾶν

286 2347 332 2412 in
357 2349 390 2410 ἐν
414 2351 567 2428 corrupta
595 2353 680 2430 erat,
715 2348 834 2414 deinde
859 2350 913 2412 ε’ᾶν
938 2348 1102 2413 correctio
1127 2347 1242 2412 addita
1267 2352 1331 2429 est,

301 2475 385 2536 quiae
409 2455 495 2521 falso
516 2457 590 2520 loco
605 2456 640 2521 in
657 2461 847 2522 contextum
862 2457 1008 2538 irrepsit.
1055 2458 1166 2538 Atque
1182 2458 1331 2523 fortasse

299 2563 421 2628 iamin
445 2563 628 2645 archetypo
652 2566 685 2628 έν
709 2584 781 2630 oum
804 2567 953 2646 ἀκέραιον
977 2566 1185 2631 coniunctum
1206 2570 1260 2630 ost
1280 2565 1331 2630 ita

299 2674 337 2735 ut
360 2672 393 2734 ἒν
417 2672 556 2753 ἀκεραίῳ
581 2677 741 2738 oreretur.

255 2778 336 2860 Pag.
356 2783 473 2852 181‚24
489 2779 681 2860 ἠναγκάζετο
697 2780 840 2844 διασπῶν
854 2780 891 2843 τὰ
906 2779 1145 2863 προτειχίσματα
1161 2783 1215 2845 καλ
1226 2787 1330 2845 πᾶσαν
1444 2765 1445 2838 λ

299 2886 355 2968 τὴν
380 2886 512 2968 δύναμιν
536 2888 654 2968 ἐξάγειν
676 2887 868 2970 μετωπηδὸν
894 2888 973 2952 κατὰ
1001 2890 1076 2970 μίαν
1108 2889 1246 2972 πλευρὰν
1276 2897 1330 2972 τῆς

297 2994 540 3077 στρατοπεδείας.
587 2994 831 3077 ἀνακληδέντων
855 2996 889 3059 δὲ
912 3002 976 3059 τῶν
995 2995 1074 3078 παρ’
1096 2998 1211 3080 ἑτέραις
1226 2998 1325 3070 εὐζώ-

300 3125 365 3165 νων
389 3105 453 3166 cet.
471 3100 576 3183 ΑΕΒ,
600 3103 758 3184 ἑκατέροις
774 3101 985 3168 Oasaubonus
1010 3122 1069 3184 pro
1094 3105 1209 3186 ἑτέροις
1231 3107 1326 3168 recte
1444 3085 1445 3096 ¹

301 3207 457 3274 correxit.
503 3209 615 3289 Atque
638 3207 835 3273 Hultschius
858 3213 955 3289 putat
977 3209 1031 3273 καὶ
1055 3214 1161 3274 ortum
1185 3229 1261 3276 esse
1288 3229 1329 3275 ex

299 3341 340 3381 κο
368 3315 443 3381 olim
467 3316 509 3381 ad
533 3317 648 3397 ἑτέροις
670 3314 811 3396 margini
832 3314 1010 3397 adscripto.
1051 3316 1117 3382 Sed
1133 3317 1329 3383 Hultschius
1444 3321 1445 3388 l

300 3424 373 3505 ipse
398 3423 573 3506 archetypi
596 3441 715 3488 versus
739 3421 859 3505 viginti
883 3423 955 3488 fere
975 3423 1108 3489 litteras
1126 3423 1329 3490 continuisse
1444 3429 1445 3452 ¹

301 3531 460 3613 ostendit,
486 3550 549 3611 qua
565 3530 606 3595 de
624 3548 726 3595 causa
742 3529 815 3596 veri
832 3529 938 3594 simile
953 3549 1019 3596 non
1037 3534 1091 3596 est
1111 3535 1251 3610 quatuor
1275 3531 1330 3597 vel

301 3639 442 3719 quinque
466 3637 620 3704 versibus
645 3642 723 3705 ante
747 3638 810 3703 hoc
826 3662 868 3702 κα
885 3637 918 3702 in
936 3643 1126 3703 contextum
1141 3637 1331 3719 irrepsisse.

299 3748 417 3826 Itaque
442 3747 527 3810 huuc
551 3746 658 3810 locum
680 3765 746 3811 non
770 3763 812 3811 ex
836 3746 1011 3827 archetypi
1033 3745 1138 3812 variis
1155 3745 1331 3827 scripturis

301 3853 530 3934 explicandum
555 3872 632 3918 esse
656 3858 744 3935 puto.

254 3962 336 4044 Pag.
362 3965 455 4042 217,5
485 3961 535 4024 διὰ
558 3961 594 4024 τδ
616 3963 678 4024 κᾶν
700 3961 779 4024 κατὰ
803 3960 838 4024 τὸ
861 3960 965 4042 παρὸν
988 3962 1101 4044 εὐτυχῇ
1124 3961 1179 4044 τήν
1203 3985 1237 4043 γε
1260 3963 1333 4045 περὶ

299 4075 354 4133 τοῦ
378 4069 544 4152 μέλλοντος
568 4068 675 4132 ἐλπίδα
698 4067 851 4152 μηδέποτ’
875 4071 915 4131 ἂν
937 4069 1077 4150 εὐλόγως
1092 4070 1333 4152 βεβαιώσασθαι

300 4183 365 4240 τῶν
388 4184 464 4240 ναῦν
487 4177 636 4258 ἐχόντωνε
664 4176 816 4259 μηδέποτ’
841 4179 880 4240 ἂν
904 4177 1079 4241 Bekkerus
1105 4175 1249 4241 coniecit
1272 4196 1333 4259 pro

299 4285 421 4368 μηδένα
444 4289 508 4347 τῶν
532 4290 608 4346 νοῦν
630 4283 698 4346 κατ’
723 4286 763 4347 ἂν
786 4285 848 4350 AR
875 4282 952 4369 (pro
973 4291 1049 4348 νοῦν
1066 4281 1114 4349 Α1
1131 4283 1165 4348 in
1181 4285 1332 4367 margine

300 4393 384 4474 νῦν),
401 4398 465 4455 τῶν
482 4398 538 4454 νῦν
554 4389 623 4454 ποτ’
640 4393 679 4454 ἂν
693 4391 741 4473 Μ,
756 4392 801 4474 μὴ
819 4392 869 4455 διὰ
882 4397 946 4455 τῶν
958 4397 1015 4456 νῦν
1026 4391 1095 4454 ποτ’
1110 4395 1149 4456 ἂν
1162 4391 1332 4475 Schweig-
